@incollection{Chacon2018,
  author    = {Chacon, L. and Pezarini, I. O.},
  editor    = {C{\'e}sar, A. B. P. and Seno, M. P. and Capellinim S. A.},
  title     = {Gradi{\^e}ncia na correspond{\^e}ncia fonema/grafema: uma proposta de caracteriza{\c{c}}{\~a}o do desempenho ortogr{\'a}fico infantil},
  booktitle = {T{\'o}picos em Transtornos de Aprendizagem: Parte VI},
  year      = {2018},
  publisher = {Ed. Pulso},
  address   = {Ribeir{\~a}o Preto},
}

@incollection{Collischonn1996,
  author    = {Collischonn, G. },
  editor    = {Bisol, L.},
  title     = {A sílaba em português},
  booktitle = {Introdução a Estudos de Fonologia do Português Brasileiro},
  year      = {1996},
  publisher = {EDIPUCRS},
  address   = {Porto Alegre},
}

@book{Camara1970,
  title={Estrutura da l{\'i}ngua portuguesa},
  author={Camara Jr., J. M.},
  year={1970},
  publisher={Ed. Vozes},
  address={Petr{\'o}polis}
}

@book{Morais2000,
  title={Ortografia: ensinar e aprender},
  author={Morais, A. G.},
  year={2000},
  publisher={Ed. {\'A}tica},
  address={S{\~a}o Paulo}
}
