@incollection{Chacon2018,
  author    = {Chacon, L. and Pezarini, I. O.},
  editor    = {C{\'e}sar, A. B. P. and Seno, M. P. and Capellinim S. A.},
  title     = {Gradi{\^e}ncia na correspond{\^e}ncia fonema/grafema: uma proposta de caracteriza{\c{c}}{\~a}o do desempenho ortogr{\'a}fico infantil},
  booktitle = {T{\'o}picos em Transtornos de Aprendizagem: Parte VI},
  year      = {2018},
  publisher = {Ed. Pulso},
  address   = {Ribeir{\~a}o Preto},
}

@article{Lemle1982,
  title={A tarefa da alfabetiza{\c{c}}{\~a}o-Etapas e problemas no portugu{\^e}s},
  author={Lemle, M.},
  journal={Letras de hoje},
  volume={17},
  number={4},
  year={1982}
}

@book{Cagliari1990,
  title={Alfabetiza{\c{c}}{\u{a}}o e ling{\"u}{\'\i}stica},
  author={Cagliari, L. C.},
  year={1990},
  publisher={Ed. Scipione},
  address={S{\~a}o Paulo}
}

@book{Morais2000,
  title={Ortografia: ensinar e aprender},
  author={Morais, A. G.},
  year={2000},
  publisher={Ed. {\'A}tica},
  address={S{\~a}o Paulo}
}
