@article{mccullough2009categorical,
  title={Categorical perception of affective and linguistic facial expressions},
  author={McCullough, Stephen and Emmorey, Karen},
  journal={Cognition},
  volume={110},
  number={2},
  pages={208--221},
  year={2009},
  publisher={Elsevier}
}

@article{liberman1957discrimination,
  title={The discrimination of speech sounds within and across phoneme boundaries.},
  author={Liberman, Alvin M and Harris, Katherine Safford and Hoffman, Howard S and Griffith, Belver C},
  journal={Journal of experimental psychology},
  volume={54},
  number={5},
  pages={358},
  year={1957},
  publisher={American Psychological Association}
}

@article{hickok2007cortical,
  title={The cortical organization of speech processing},
  author={Hickok, Gregory and Poeppel, David},
  journal={Nature reviews neuroscience},
  volume={8},
  number={5},
  pages={393},
  year={2007},
  publisher={Nature Publishing Group}
}

@article{alho2016early,
  title={Early-latency categorical speech sound representations in the left inferior frontal gyrus},
  author={Alho, Jussi and Green, Brannon M and May, Patrick JC and Sams, Mikko and Tiitinen, Hannu and Rauschecker, Josef P and J{\"a}{\"a}skel{\"a}inen, Iiro P},
  journal={Neuroimage},
  volume={129},
  pages={214--223},
  year={2016},
  publisher={Elsevier}
}

@article{mottonen2014attention,
  title={Attention fine-tunes auditory--motor processing of speech sounds},
  author={M{\"o}tt{\"o}nen, Riikka and van de Ven, Gido M and Watkins, Kate E},
  journal={Journal of Neuroscience},
  volume={34},
  number={11},
  pages={4064--4069},
  year={2014},
  publisher={Soc Neuroscience}
}

@article{chevillet2013automatic,
  title={Automatic phoneme category selectivity in the dorsal auditory stream},
  author={Chevillet, Mark A and Jiang, Xiong and Rauschecker, Josef P and Riesenhuber, Maximilian},
  journal={Journal of Neuroscience},
  volume={33},
  number={12},
  pages={5208--5215},
  year={2013},
  publisher={Soc Neuroscience}
}

@article {Bouton,
  author = {Bouton, Sophie and Chambon, Val{\'e}rian and Tyrand, R{\'e}mi and Guggisberg, Adrian G. and Seeck, Margitta and Karkar, Sami and van de Ville, Dimitri and Giraud, Anne-Lise},
  title = {Focal versus distributed temporal cortex activity for speech sound category assignment},
  volume = {115},
  number = {6},
  pages = {E1299--E1308},
  year = {2018},
  doi = {10.1073/pnas.1714279115},
  publisher = {National Academy of Sciences},
  issn = {0027-8424},
  URL = {http://www.pnas.org/content/115/6/E1299},
  eprint = {http://www.pnas.org/content/115/6/E1299.full.pdf},
  journal = {Proceedings of the National Academy of Sciences}
} 

@article{bidelman2013,
    title = {Tracing the emergence of categorical speech perception in the human auditory system},
    journal = {NeuroImage},
    volume = {79},
    pages = {201--212},
    year = {2013},
    issn = {1053-8119},
    doi = {https://doi.org/10.1016/j.neuroimage.2013.04.093},
    author = {Gavin M. Bidelman and Sylvain Moreno and Claude Alain}
}
@article{bidelman2017,
  title={Attentional modulation and domain-specificity underlying the neural organization of auditory categorical perception},
  author={Bidelman, Gavin M and Walker, Breya S},
  journal={European Journal of Neuroscience},
  volume={45},
  number={5},
  pages={690--699},
  year={2017},
  publisher={Wiley Online Library}
}
@article{chang2010categorical,
  title={Categorical speech representation in human superior temporal gyrus},
  author={Chang, Edward F and Rieger, Jochem W and Johnson, Keith and Berger, Mitchel S and Barbaro, Nicholas M and Knight, Robert T},
  journal={Nature neuroscience},
  volume={13},
  number={11},
  pages={1428},
  year={2010},
  doi = {10.1038/nn.2641},
  publisher={Nature Publishing Group}
}
@article{boemio2005hierarchical,
  title={Hierarchical and asymmetric temporal sensitivity in human auditory cortices},
  author={Boemio, Anthony and Fromm, Stephen and Braun, Allen and Poeppel, David},
  journal={Nature neuroscience},
  volume={8},
  number={3},
  pages={389},
  year={2005},
  publisher={Nature Publishing Group}
}
@article{steinschneider1995physiologic,
  title={Physiologic correlates of the voice onset time boundary in primary auditory cortex (A1) of the awake monkey: temporal response patterns},
  author={Steinschneider, Mitchell and Schroeder, Charles E and Arezzo, Joseph C and Vaughan, Herbert G},
  journal={Brain and language},
  volume={48},
  number={3},
  pages={326--340},
  year={1995},
  publisher={Elsevier}
}
@article{eggermont1995representation,
  title={Representation of a voice onset time continuum in primary auditory cortex of the cat},
  author={Eggermont, Jos J},
  journal={The Journal of the Acoustical Society of America},
  volume={98},
  number={2},
  pages={911--920},
  year={1995},
  publisher={Acoustical Society of America}
}
@article{rao2010selective,
  title={Selective listening of concurrent auditory stimuli: an event-related potential study},
  author={Rao, Aparna and Zhang, Yang and Miller, Sharon},
  journal={Hearing research},
  volume={268},
  number={1-2},
  pages={123--132},
  year={2010},
  publisher={Elsevier}
}
@article{hillyard1973electrical,
  title={Electrical signs of selective attention in the human brain},
  author={Hillyard, Steven A and Hink, Robert F and Schwent, Vincent L and Picton, Terence W},
  journal={Science},
  volume={182},
  number={4108},
  pages={177--180},
  year={1973},
  publisher={American Association for the Advancement of Science}
}

@article{santana2020bmc,
  title={A dimension reduction technique applied to regression on high dimension, low sample size neurophysiological data sets},
  author={Santana, Adrielle C. and Adriano V. Barbosa and Hani C, Yehia and
       Rafael Laboissi√®re},
  journal={BMC Neuroscience},
  year={2020},
  note={(in press)}
}