@article{zen_generative_2017,
	title = {Generative {Model}-{Based} {Text}-to-{Speech} {Synthesis}},
	url = {https://research.google.com/pubs/pub45882.html},
	language = {en},
	urldate = {2018-03-23},
	author = {Zen, Heiga},
	year = {2017}
}

@article{wang_alphabetic_2003,
  doi = {10.1016/s0010-0277(02)00232-9},
  url = {https://doi.org/10.1016/s0010-0277(02)00232-9},
  year = {2003},
  month = mar,
  publisher = {Elsevier {BV}},
  volume = {87},
  number = {2},
  pages = {129--149},
  author = {Min Wang and Keiko Koda and Charles A Perfetti},
  title = {Alphabetic and nonalphabetic L1 effects in English word identification: a comparison of Korean and Chinese English L2 learners},
  journal = {Cognition}
}

@article{elman_learning_1993,
	title = {Learning and development in neural networks: the importance of starting small},
	volume = {48},
	issn = {0010-0277},
	shorttitle = {Learning and development in neural networks},
	url = {http://www.sciencedirect.com/science/article/pii/0010027793900584},
	doi = {10.1016/0010-0277(93)90058-4},
	number = {1},
	urldate = {2018-03-24},
	journal = {Cognition},
	author = {Elman, Jeffrey L.},
	month = jul,
	year = {1993},
	pages = {71--99}
}

@article{flege_effects_1997,
	title = {Effects of experience on non-native speakers' production and perception of {English} vowels},
	volume = {25},
	issn = {0095-4470},
	url = {http://www.sciencedirect.com/science/article/pii/S0095447097900528},
	doi = {10.1006/jpho.1997.0052},
	number = {4},
	urldate = {2018-03-24},
	journal = {Journal of Phonetics},
	author = {Flege, James Emil and Bohn, Ocke-Schwen and Jang, Sunyoung},
	month = oct,
	year = {1997},
	pages = {437--470}
}

@article{kluge_production_2010,
	title = {Production and identification of {English} word-final nasal consonants by {Brazilian} {EFL} learners},
	doi = {10.5007/2175-8026.2008n55p15},
	journal = {Ilha do Desterro},
	author = {Kluge, Denise and Baptista, Barbara},
	month = nov,
	year = {2010}
}

@article{flege_effect_2001,
	title = {{THE} {EFFECT} {OF} {EXPERIENCE} {ON} {ADULTS}' {ACQUISITION} {OF} {A} {SECOND} {LANGUAGE}},
	volume = {23},
	issn = {1470-1545, 0272-2631},
	url = {https://www.cambridge.org/core/journals/studies-in-second-language-acquisition/article/the-effect-of-experience-on-adults-acquisition-of-a-second-language/4671D40F6250DB3E2F1FCF9B90190ED5},
	language = {en},
	number = {4},
	urldate = {2018-03-24},
	journal = {Studies in Second Language Acquisition},
	author = {Flege, James Emil and Liu, Serena},
	month = dec,
	year = {2001},
	pages = {527--552}
}

@incollection{miller_impact_2011,
	title = {Impact of {L}2 {Reading} {Proficiency} on {L}1 {Transfer} in {Visual} {Word} {Recognition}},
	isbn = {978-1-57473-448-5},
	author = {Miller, Ryan},
	month = jan,
	year = {2011},
	pages = {78--90}
}

@article{flege_interaction_2003,
	title = {Interaction between the native and second language phonetic subsystems},
	volume = {40},
	issn = {0167-6393},
	url = {http://www.sciencedirect.com/science/article/pii/S0167639302001280},
	doi = {10.1016/S0167-6393(02)00128-0},
	number = {4},
	urldate = {2018-03-24},
	journal = {Speech Communication},
	author = {Flege, James E. and Schirru, Carlo and MacKay, Ian R. A.},
	month = jun,
	year = {2003},
	pages = {467--491}
}

@incollection{silveira_efeito_2021,
	title = {Efeito da ortografia},
	booktitle = {Investigando os sons de línguas não nativas: uma introdução},
	publisher = {Editora da Abralin},
	author = {Silveira, R. and Gonçalves, A. R. and Kupske, F. and Alves, Ubiratã Kickhöfel and Lima Jr., R. M.},
	year = {2021},
}


@book{rocha_os_2015,
	address = {S.l.},
	title = {Os efeitos da {Instrução} {Explícita} em {Fonologia}: {Na} produção e percepção de consoantes da {Língua} {Inglesa}},
	isbn = {978-3-639-74927-4},
	shorttitle = {Os efeitos da {Instrução} {Explícita} em {Fonologia}},
	language = {Portuguese},
	publisher = {Novas Edições Acadêmicas},
	author = {Rocha, Aratuza Rodrigues Silva and Carvalho, Wilson J. de A.},
	month = feb,
	year = {2015}
}

@phdthesis{oliveira_effect_2007,
	address = {Centro de Comunicação e Expressão. Programa de Pós-Graduação em Letras/Inglês e Literatura Correspondente},
	type = {{PhD}},
	title = {The effect of perceptual training on the learning of english vowels by brazilian portuguese speakers},
	url = {https://repositorio.ufsc.br/bitstream/handle/123456789/90286/242580.pdf?sequence=1&isAllowed=y},
	language = {Portuguese},
	urldate = {2018-03-24},
	school = {Universidade Federal de Santa Catarina},
	author = {Oliveira, Denize Nobre},
	year = {2007}
}

@article{cabanero_transferencia_2008,
	title = {A transferência grafo-fônico-fonológica na produção de seqüências ortográficas ‘ng’ do inglês ({L}2): uma abordagem conexionista},
	volume = {6},
	issn = {1678-8931},
	url = {http://www.revel.inf.br/files/artigos/revel_11_a_transferencia_grafo_fonico_fonologica_na_producao_de_sequencias_ortograficas.pdf},
	language = {Portuguese},
	number = {11},
	urldate = {2018-03-24},
	journal = {ReVEL},
	author = {Caba{\~n}ero, Márcia Bueno and Alves, Ubiratã Kickhöfel},
	month = aug,
	year = {2008}
}

@inproceedings{petrushin_emotion_2000,
	title = {Emotion recognition in speech signal: {Experimental} study, development, and application},
	volume = {2000},
	shorttitle = {Emotion recognition in speech signal},
	booktitle = {Proc. {ICSLP}},
	author = {Petrushin, Valery},
	month = jan,
	year = {2000},
	pages = {222--225}
}

@inproceedings{grimm_rule-based_2005,
	title = {Rule-based emotion classification using acoustic features},
	booktitle = {in {Proc}. {Int}. {Conf}. on {Telemedicine} and {Multimedia} {Communication}},
	author = {Grimm, Michael and Kroschel, Kristian},
	year = {2005}
}

@inproceedings{huang_novel_2010,
	title = {A novel objective function to optimize neural networks for emotion recognition from speech patterns},
	doi = {10.1109/NABIC.2010.5716361},
	booktitle = {2010 {Second} {World} {Congress} on {Nature} and {Biologically} {Inspired} {Computing} ({NaBIC})},
	author = {Huang, Kuan-Chieh and Kuo, Yau-Hwang},
	month = dec,
	year = {2010},
	pages = {413--417}
}

@article{ingale_speech_2012,
	title = {Speech {Emotion} {Recognition}},
	volume = {2},
	issn = {2231-2307},
	url = {http://citeseerx.ist.psu.edu/viewdoc/download?doi=10.1.1.457.2825&rep=rep1&type=pdf},
	language = {en},
	number = {1},
	urldate = {2018-03-25},
	journal = {International Journal of Soft Computing and Engineering},
	author = {Ingale, Ashish B. and Chaudhari, D. S.},
	month = mar,
	year = {2012},
	pages = {235--238}
}

@article{zbancioc_analysis_2012,
	title = {The {Analysis} of the {FCM} and {WKNN} {Algorithms} {Performance} for the {Emotional} {Corpus} {SROL}},
	volume = {12},
	copyright = {Advances in Electrical and Computer Engineering},
	issn = {1582-7445},
	url = {http://dx.doi.org/10.4316/AECE.2012.03005},
	doi = {10.4316/AECE.2012.03005},
	language = {English},
	number = {3},
	urldate = {2018-03-25},
	journal = {Advances in Electrical and Computer Engineering},
	author = {Zbancioc, M.},
	month = aug,
	year = {2012},
	pages = {33--38}
}

@article{morariu_using_2007,
	title = {Using {Pattern} {Classification} and {Recognition} {Techniques} for {Diagnostic} and {Prediction}},
	volume = {7},
	issn = {1582-7445},
	url = {http://dx.doi.org/10.4316/AECE.2007.01014},
	doi = {10.4316/AECE.2007.01014},
	language = {English},
	number = {1},
	urldate = {2018-03-25},
	journal = {Advances in Electrical and Computer Engineering},
	author = {Morariu, N.},
	month = apr,
	year = {2007},
	pages = {63--67}
}

@article{poersch_new_2005,
	title = {A new paradigm for learning language: {Connectionist} artificial inteligence},
	volume = {8},
	url = {https://pdfs.semanticscholar.org/f415/35f9ea75b2fe793f79b25a9cabb0a4a3df52.pdf},
	language = {Portuguese},
	number = {1},
	urldate = {2018-03-25},
	journal = {Linguagem \& Ensino},
	author = {Poersch, José Marcelino},
	year = {2005},
	pages = {161--183}
}

@inproceedings{gonzalvo_text--speech_2014,
	title = {Text-{To}-{Speech} with cross-lingual {Neural} {Network}-based grapheme-to-phoneme models},
	url = {https://research.google.com/pubs/pub45183.html},
	language = {en},
	urldate = {2018-03-25},
	author = {Gonzalvo, Xavi and Podsiadlo, Monika},
	year = {2014}
}

@inproceedings{li_multi-language_2016,
	title = {Multi-{Language} {Multi}-{Speaker} {Acoustic} {Modeling} for {LSTM}-{RNN} {Based} {Statistical} {Parametric} {Speech} {Synthesis}},
	doi = {10.21437/Interspeech.2016-172},
	author = {Li, Bo and Zen, Heiga},
	month = sep,
	year = {2016},
	pages = {2468--2472}
}

@inproceedings{zen_fast_2016,
	address = {San Francisco, CA, USA},
	title = {Fast, {Compact}, and {High} {Quality} {LSTM}-{RNN} {Based} {Statistical} {Parametric} {Speech} {Synthesizers} for {Mobile} {Devices}},
	url = {http://arxiv.org/abs/1606.06061},
	urldate = {2018-03-25},
	booktitle = {{arXiv}:1606.06061 [cs]},
	author = {Zen, Heiga and Agiomyrgiannakis, Yannis and Egberts, Niels and Henderson, Fergus and Szczepaniak, Przemysław},
	month = jun,
	year = {2016},
	note = {arXiv: 1606.06061},
}

@article{macdonald_reassessing_2002,
	title = {Reassessing working memory: {A} reply to {Just} \& {Carpenter} and {Waters} \& {Caplan}},
	volume = {109},
	shorttitle = {Reassessing working memory},
	doi = {10.1037//0033-295X.109.1.35},
	journal = {Psychological review},
	author = {MacDonald, Maryellen and Christiansen, Morten},
	month = feb,
	year = {2002},
	pages = {35--54; discussion 55}
}

@article{Zimmer2011,
  doi = {10.20396/cel.v50i1.8637237},
  url = {https://doi.org/10.20396/cel.v50i1.8637237},
  year = {2011},
  month = jul,
  publisher = {Universidade Estadual de Campinas},
  volume = {50},
  number = {1},
  pages = {29--44},
  author = {M{\'{a}}rcia Zimmer and H{\'{e}}lio Radke Bittencourt},
  title = {Produ{\c{c}}{\~{a}}o e percep{\c{c}}{\~{a}}o oral em l2: os processos de transfer{\^{e}}ncia do conhecimento grafo f{\^{o}}nico-fonol{\'{o}}gico do portugu{\^{e}}s brasileiro (L1) para o ingl{\^{e}}s (L2) e o desempenho em listening (L2)},
  journal = {Cadernos de Estudos Ling\"{u}{\'{\i}}sticos}
}

@phdthesis{silva_o_2010,
	address = {Fortaleza, Brazil},
	type = {{PhD}},
	title = {O uso de redes neurais auto-organizáveis para a análise do conhecimento acentual em aprendizes brasileiros de língua inglesa},
	url = {http://repositorio.ufc.br/bitstream/riufc/6103/1/2010_tese_accsilva.pdf},
	language = {pt},
	urldate = {2018-03-25},
	school = {Programa de Pós-Graduação em Linguística, Universidade Federal do Ceará},
	author = {Silva, Ana Cristina Cunha da},
	month = aug,
	year = {2010}
}

@inproceedings{fukada_adaptive_1992,
	title = {An adaptive algorithm for mel-cepstral analysis of speech},
	volume = {1},
	doi = {10.1109/ICASSP.1992.225953},
	booktitle = {[{Proceedings}] {ICASSP}-92: 1992 {IEEE} {International} {Conference} on {Acoustics}, {Speech}, and {Signal} {Processing}},
	author = {Fukada, T. and Tokuda, K. and Kobayashi, T. and Imai, S.},
	month = mar,
	year = {1992},
	pages = {137--140}
}

@inproceedings{silva_som-based_2011,
  year = {2011},
  publisher = {Springer Berlin Heidelberg},
  pages = {267--276},
  author = {Ana Cristina C. Silva and Ana Cristina P. Macedo and Guilherme A. Barreto},
  title = {A {SOM}-Based Analysis of Early Prosodic Acquisition of English by Brazilian Learners: Preliminary Results},
  booktitle = {Advances in Self-Organizing Maps}
}

@inproceedings{zen_acoustic_2015,
	address = {Fukushima, Japan},
	title = {Acoustic {Modeling} in {Statistical} {Parametric} {Speech} {Synthesis} - {From} {HMM} to {LSTM}-{RNN}},
	url = {https://research.google.com/pubs/pub43893.html},
	language = {en},
	urldate = {2018-03-25},
	author = {Zen, Heiga},
	year = {2015}
}

@inproceedings{tokuday_directly_2015,
	title = {Directly modeling speech waveforms by neural networks for statistical parametric speech synthesis},
	doi = {10.1109/ICASSP.2015.7178765},
	booktitle = {2015 {IEEE} {International} {Conference} on {Acoustics}, {Speech} and {Signal} {Processing} ({ICASSP})},
	author = {Tokuday, K. and Zen, H.},
	month = apr,
	year = {2015},
	pages = {4215--4219}
}

@inproceedings{tokuda_directly_2016,
	title = {Directly modeling voiced and unvoiced components in speech waveforms by neural networks},
	doi = {10.1109/ICASSP.2016.7472757},
	booktitle = {2016 {IEEE} {International} {Conference} on {Acoustics}, {Speech} and {Signal} {Processing} ({ICASSP})},
	author = {Tokuda, K. and Zen, H.},
	month = mar,
	year = {2016},
	pages = {5640--5644}
}

@article{karaali_speech_1998,
	title = {Speech {Synthesis} with {Neural} {Networks}},
	url = {http://arxiv.org/abs/cs/9811031},
	urldate = {2018-03-25},
	journal = {arXiv:cs/9811031},
	author = {Karaali, Orhan and Corrigan, Gerald and Gerson, Ira},
	month = nov,
	year = {1998},
	note = {arXiv: cs/9811031},
}

@article{li_dynamic_2007,
	title = {Dynamic {Self}-{Organization} and {Early} {Lexical} {Development} in {Children}},
	volume = {31},
	doi = {10.1080/15326900701399905},
	journal = {Cognitive science},
	author = {li, Ping and Zhao, Xiaowei and Mac Whinney, Brian},
	month = jul,
	year = {2007},
	pages = {581--612}
}

@phdthesis{rocha_identificacao_2017,
	address = {Fortaleza, Brazil},
	type = {{PhD}},
	title = {Identificação de processos de transferência do português do Brasil para o Inglês (L2) por meio de rede neural artificial MLP},
	language = {pt},
	urldate = {2018-03-25},
	school = {Programa de Pós-Graduação em Linguística Aplicada, Universidade Estadual do Ceará},
	author = {Rocha, Aratuza Rodrigues Silva},
	year = {2017}
}

@article{zen_statistical_2009,
	title = {Statistical parametric speech synthesis},
	volume = {51},
	issn = {0167-6393},
	url = {http://www.sciencedirect.com/science/article/pii/S0167639309000648},
	doi = {10.1016/j.specom.2009.04.004},
	number = {11},
	urldate = {2018-03-25},
	journal = {Speech Communication},
	author = {Zen, Heiga and Tokuda, Keiichi and Black, Alan W.},
	month = nov,
	year = {2009},
	pages = {1039--1064}
}

@article{gasser_connectionism_1990,
	title = {Connectionism and {Universals} of {Second} {Language} {Acquisition}},
	volume = {12},
	issn = {1470-1545, 0272-2631},
	url = {https://www.cambridge.org/core/journals/studies-in-second-language-acquisition/article/connectionism-and-universals-of-second-language-acquisition/B530A49522647E80C9B7171AADE9B350},
	doi = {10.1017/S0272263100009074},
	language = {en},
	number = {2},
	urldate = {2018-03-25},
	journal = {Studies in Second Language Acquisition},
	author = {Gasser, Michael},
	month = jun,
	year = {1990},
	pages = {179--199}
}

@article{Chikamatsu1996,
  doi = {10.1017/s0272263100015369},
  url = {https://doi.org/10.1017/s0272263100015369},
  year = {1996},
  month = dec,
  publisher = {Cambridge University Press ({CUP})},
  volume = {18},
  number = {4},
  pages = {403--432},
  author = {Nobuko Chikamatsu},
  title = {The effects of L1 orthography on L2 word recognition: A study of American and Chinese learners of Japanese},
  journal = {Studies in Second Language Acquisition}
}

@inproceedings{zen_fast_2016-1,
	address = {San Francisco, CA, USA},
	title = {Fast, {Compact}, and {High} {Quality} {LSTM}-{RNN} {Based} {Statistical} {Parametric} {Speech} {Synthesizers} for {Mobile} {Devices}},
	url = {https://research.google.com/pubs/pub45379.html},
	language = {en},
	urldate = {2018-03-25},
	author = {Zen, Heiga and Agiomyrgiannakis, Yannis and Egberts, Niels and Henderson, Fergus and Szczepaniak, Przemysław},
	month = jun,
	year = {2016}
}

@misc{zen_generative_2017-1,
	title = {Generative {Model}-{Based} {Text}-to-{Speech} {Synthesis}},
	url = {https://research.google.com/pubs/pub45882.html},
	language = {en},
	urldate = {2018-03-25},
	author = {Zen, Heiga},
	year = {2017}
}

@inproceedings{bresolin_brazilian_2007,
	title = {Brazilian {Vowels} {Recognition} using a {New} {Hierarchical} {Decision} {Structure} with {Wavelet} {Packet} and {SVM}},
	volume = {2},
	isbn = {978-1-4244-0728-6},
	doi = {10.1109/ICASSP.2007.366280},
	author = {Bresolin, Adriano and Duarte, Dudu and Alsina, Pablo},
	month = may,
	year = {2007},
	pages = {II--493}
}

@phdthesis{barbosa_diagnostico_2013,
	type = {Thesis},
	title = {Diagnóstico de falhas incipientes a partir das propriedades físico-químicas do óleo isolante em transformadores de potência como método alternativo à análise de gases dissolvidos},
	url = {http://www.repositorio.ufc.br/handle/riufc/4661},
	urldate = {2018-03-25},
	author = {Barbosa, Fábio Rocha},
	month = jan,
	year = {2013},
	school = {Universidade Federal do Ceará}
}

@article{zimmer_producao_2006,
	title = {A produção de aspectos fonético-fonológicos da segunda língua: instrução explícita e conexionismo},
	volume = {9},
	issn = {1983-2400},
	shorttitle = {A produção de aspectos fonético-fonológicos da segunda língua},
	url = {http://www.rle.ucpel.tche.br/index.php/rle/article/view/168},
	language = {pt},
	number = {2},
	urldate = {2018-03-25},
	journal = {Revista Linguagem \& Ensino},
	author = {Zimmer, Márcia Cristina and Alves, Ubiratã Kickhöfel},
	year = {2006},
	pages = {101--143}
}

@phdthesis{zimmer_transferencia_2003,
	address = {Porto Alegre, Brazil},
	type = {{PhD}},
	title = {A transferência do conhecimento fonético-fonológico do português brasileiro ({L}1) para o inglês ({L}2) na recodificação leitora: uma abordagem conexionista},
	url = {http://www.leffa.pro.br/tela4/Textos/Textos/Teses/marcia_zimmer.pdf},
	language = {pt},
	urldate = {2018-03-25},
	school = {Faculdade de Letras, Pontifícia Universidade Católica do Rio Grande do Sul},
	author = {Zimmer, Márcia Cristina},
	year = {2003}
}

@phdthesis{rocha_os_2012,
	address = {Fortaleza, Brazil},
	type = {Dissertation - {Masters}},
	title = {Os efeitos da instrução explícita em fonologia na produção e percepção de consoantes da língua inglesa.},
	url = {http://www.uece.br/posla/dmdocuments/AratuzaRodriguesSilvaRocha.pdf},
	language = {pt},
	urldate = {2018-03-25},
	school = {Programa de Pós-Graduação em Linguística Aplicada, Universidade Estadual do Ceará},
	author = {Rocha, Aratuza R. S.},
	year = {2012}
}

@inproceedings{ze_statistical_2013,
	title = {Statistical parametric speech synthesis using deep neural networks},
	doi = {10.1109/ICASSP.2013.6639215},
	booktitle = {2013 {IEEE} {International} {Conference} on {Acoustics}, {Speech} and {Signal} {Processing}},
	author = {Ze, H. and Senior, A. and Schuster, M.},
	month = may,
	year = {2013},
	pages = {7962--7966}
}

@inproceedings{ze_statistical_2013-1,
	title = {Statistical parametric speech synthesis using deep neural networks},
	doi = {10.1109/ICASSP.2013.6639215},
	booktitle = {2013 {IEEE} {International} {Conference} on {Acoustics}, {Speech} and {Signal} {Processing}},
	author = {Ze, H. and Senior, A. and Schuster, M.},
	month = may,
	year = {2013},
	pages = {7962--7966}
}

@article{li_early_2004,
	series = {New {Developments} in {Self}-{Organizing} {Systems}},
	title = {Early lexical development in a self-organizing neural network},
	volume = {17},
	issn = {0893-6080},
	url = {http://www.sciencedirect.com/science/article/pii/S0893608004001534},
	doi = {10.1016/j.neunet.2004.07.004},
	number = {8},
	urldate = {2018-03-26},
	journal = {Neural Networks},
	author = {Li, Ping and Farkas, Igor and MacWhinney, Brian},
	month = oct,
	year = {2004},
	pages = {1345--1362}
}

@article{fix_discriminatory_1989,
	title = {Discriminatory {Analysis}. {Nonparametric} {Discrimination}: {Consistency} {Properties}},
	volume = {57},
	issn = {0306-7734},
	shorttitle = {Discriminatory {Analysis}. {Nonparametric} {Discrimination}},
	url = {http://www.jstor.org/stable/1403797},
	doi = {10.2307/1403797},
	number = {3},
	urldate = {2018-03-29},
	journal = {International Statistical Review / Revue Internationale de Statistique},
	author = {Fix, Evelyn and Hodges, J. L.},
	year = {1989},
	pages = {238--247}
}

@article{aha_tolerating_1992,
	series = {Symbolic problem solving in noisy and novel task environments},
	title = {Tolerating noisy, irrelevant and novel attributes in instance-based learning algorithms},
	volume = {36},
	issn = {0020-7373},
	url = {http://www.sciencedirect.com/science/article/pii/002073739290018G},
	doi = {10.1016/0020-7373(92)90018-G},
	number = {2},
	urldate = {2018-03-29},
	journal = {International Journal of Man-Machine Studies},
	author = {Aha, David W.},
	month = feb,
	year = {1992},
	pages = {267--287}
}

@article{cover_nearest_1967,
	title = {Nearest neighbor pattern classification},
	volume = {13},
	issn = {0018-9448},
	doi = {10.1109/TIT.1967.1053964},
	number = {1},
	journal = {IEEE Transactions on Information Theory},
	author = {Cover, T. and Hart, P.},
	month = jan,
	year = {1967},
	pages = {21--27}
}

@article{velican_automatic_2012,
	title = {Automatic {Recognition} of {Improperly} {Pronounced} {Initial} 'r' {Consonant} in {Romanian}},
	volume = {12},
	issn = {1582-7445},
	url = {http://dx.doi.org/10.4316/AECE.2012.03012},
	doi = {10.4316/AECE.2012.03012},
	language = {English},
	number = {3},
	urldate = {2018-03-29},
	journal = {Advances in Electrical and Computer Engineering},
	author = {Velican, V.},
	month = aug,
	year = {2012},
	pages = {79--84}
}

@techreport{wang_nearest_2003,
	title = {Nearest {Neighbours} without k: {A} {Classification} {Formalism} {Based} on {Probability}},
	shorttitle = {Nearest {Neighbours} without k},
	author = {Wang, Hui and Dntsch, Ivo and Gediga, Günther},
	month = mar,
	year = {2003}
}

@inproceedings{yan_combining_2010,
	title = {Combining {KNN} algorithm and other classifiers},
	doi = {10.1109/COGINF.2010.5599804},
	booktitle = {2010 9th {IEEE} {International} {Conference} on {Cognitive} {Informatics} ({ICCI})},
	author = {Yan, Z. and Xu, C.},
	month = jul,
	year = {2010},
	pages = {800--805}
}

@inproceedings{frutuoso_uso_2016,
	title = {Uso de algoritmos de reconhecimento de padrões aplicados ao problema de câncer de pele do tipo melanoma},
	url = {http://abricom.org.br/eventos/cbic_2013/bricsccicbic2013_submission_321},
	doi = {10.21528/CBIC2013-321},
	urldate = {2018-03-29},
	publisher = {SBIC},
	author = {Frutuoso, Rômulo Lopes and Santos, Jonas Rodrigues Vieira Dos and Siqueira, Robson da Silva and Oliveira, Adonias Caetano de},
	month = mar,
	year = {2016},
	pages = {1--6}
}

@inproceedings{scaranti_identificacao_2010,
	address = {Presidente Prudente, Brazil},
	title = {Identificação de Órgãos {Foliares} utilizando as {Wavelets} de {Daubechies}},
	url = {http://iris.sel.eesc.usp.br/wvc/anais_WVC2010/artigos/poster/72803.pdf},
	urldate = {2018-03-29},
	author = {Scaranti, Alexander and Bernardi, Ronaldo},
	year = {2010}
}

@article{boersma_praat,
	title = {Praat: doing phonetics by computer},
	volume = {6.0.20},
	shorttitle = {Praat tutorial},
	url = {http://www.praat.org},
	urldate = {2019-11-08},
	author = {Boersma, Paul and Weenink, David},
	year = {2019},
}

@incollection{Schulz2013,
  doi = {10.1007/978-3-642-38679-4_4},
  url = {https://doi.org/10.1007/978-3-642-38679-4_4},
  year = {2013},
  publisher = {Springer Berlin Heidelberg},
  pages = {59--68},
  author = {Alexander Schulz and Andrej Gisbrecht and Barbara Hammer},
  title = {Using Nonlinear Dimensionality Reduction to Visualize Classifiers},
  booktitle = {Advances in Computational Intelligence}
}

@article{Wold1987,
  doi = {10.1016/0169-7439(87)80084-9},
  url = {https://doi.org/10.1016/0169-7439(87)80084-9},
  year = {1987},
  month = aug,
  publisher = {Elsevier {BV}},
  volume = {2},
  number = {1-3},
  pages = {37--52},
  author = {Svante Wold and Kim Esbensen and Paul Geladi},
  title = {Principal component analysis},
  journal = {Chemometrics and Intelligent Laboratory Systems}
}

@article{Murphey2004,
  doi = {10.1023/b:apin.0000033632.42843.17},
  url = {https://doi.org/10.1023/b:apin.0000033632.42843.17},
  year = {2004},
  month = sep,
  publisher = {Springer Nature},
  volume = {21},
  number = {2},
  pages = {117--128},
  author = {Yi L. Murphey and Hong Guo and Lee A. Feldkamp},
  title = {Neural Learning from Unbalanced Data},
  journal = {Applied Intelligence}
}

@article{Stathakis2009,
  doi = {10.1080/01431160802549278},
  url = {https://doi.org/10.1080/01431160802549278},
  year = {2009},
  month = apr,
  publisher = {Informa {UK} Limited},
  volume = {30},
  number = {8},
  pages = {2133--2147},
  author = {D. Stathakis},
  title = {How many hidden layers and nodes?},
  journal = {International Journal of Remote Sensing}
}

@inproceedings{Chien2014,
  doi = {10.1109/slt.2014.7078565},
  url = {https://doi.org/10.1109/slt.2014.7078565},
  year = {2014},
  month = dec,
  publisher = {{IEEE}},
  author = {Jen-Tzung Chien and Tsai-Wei Lu},
  title = {Tikhonov regularization for deep neural network acoustic modeling},
  booktitle = {2014 {IEEE} Spoken Language Technology Workshop ({SLT})}
}

@article{Marini2008,
  doi = {10.1016/j.microc.2007.11.008},
  url = {https://doi.org/10.1016/j.microc.2007.11.008},
  year = {2008},
  month = apr,
  publisher = {Elsevier {BV}},
  volume = {88},
  number = {2},
  pages = {178--185},
  author = {F. Marini and R. Bucci and A.L. Magr{\`{\i}} and A.D. Magr{\`{\i}}},
  title = {Artificial neural networks in chemometrics: History,  examples and perspectives},
  journal = {Microchemical Journal}
}

@article{McCulloch1943,
  doi = {10.1007/bf02478259},
  url = {https://doi.org/10.1007/bf02478259},
  year = {1943},
  month = dec,
  publisher = {Springer Science and Business Media {LLC}},
  volume = {5},
  number = {4},
  pages = {115--133},
  author = {Warren S. McCulloch and Walter Pitts},
  title = {A logical calculus of the ideas immanent in nervous activity},
  journal = {The Bulletin of Mathematical Biophysics}
}

@article{Rosenblatt58theperceptron:,
    author = {F. Rosenblatt},
    title = {The Perceptron: A Probabilistic Model for Information Storage and Organization in The Brain},
    journal = {Psychological Review},
    year = {1958},
    pages = {65--386}
}

@article{Hopfield1988,
  doi = {10.1109/101.8118},
  url = {https://doi.org/10.1109/101.8118},
  year = {1988},
  month = sep,
  publisher = {Institute of Electrical and Electronics Engineers ({IEEE})},
  volume = {4},
  number = {5},
  pages = {3--10},
  author = {J.J. Hopfield},
  title = {Artificial neural networks},
  journal = {{IEEE} Circuits and Devices Magazine}
}

@inproceedings{widrow:switching,
  address = {New York},
  author = {Widrow, Bernard and Hoff, Marcian E.},
  booktitle = {1960 {IRE} {WESCON} Convention Record, Part 4},
  pages = {96--104},
  publisher = {{IRE}},
  title = {Adaptive Switching Circuits},
  year = 1960
}

@article{Hopfield1982,
  doi = {10.1073/pnas.79.8.2554},
  url = {https://doi.org/10.1073/pnas.79.8.2554},
  year = {1982},
  month = apr,
  publisher = {Proceedings of the National Academy of Sciences},
  volume = {79},
  number = {8},
  pages = {2554--2558},
  author = {J. J. Hopfield},
  title = {Neural networks and physical systems with emergent collective computational abilities.},
  journal = {Proceedings of the National Academy of Sciences}
}

@book{haykin99a,
  author = {Haykin, Simon},
  publisher = {Prentice Hall},
  title = {Neural Networks: A Comprehensive Foundation},
  year = 1999
}

@article{RezaeianZadeh2010,
  doi = {10.1007/s11269-009-9573-4},
  url = {https://doi.org/10.1007/s11269-009-9573-4},
  year = {2010},
  month = mar,
  publisher = {Springer Science and Business Media {LLC}},
  volume = {24},
  number = {11},
  pages = {2673--2688},
  author = {Mehdi Rezaeian Zadeh and Seifollah Amin and Davar Khalili and Vijay P. Singh},
  title = {Daily Outflow Prediction by Multi Layer Perceptron with Logistic Sigmoid and Tangent Sigmoid Activation Functions},
  journal = {Water Resources Management}
}

@article{kyurkchiev2017,
author = {Kyurkchiev, Vesselin and Kyurkchiev, Nikolay},
year = {2017},
month = {03},
pages = {87-94},
title = {A Family of Recurrence Generated Functions Based on " Half–Hyperbolic Tangent Activation Function "},
volume = {2},
journal = {Biomedical Statistics and Informatics},
doi = {10.11648/j.bsi.20170203.12}
}

@book{haykin2009neural,
  address = {Upper Saddle River, NJ},
  author = {Haykin, Simon S.},
  edition = {Third},
  publisher = {Pearson Education},
  title = {Neural networks and learning machines},
  year = 2009
}

@article{adamek2002neural,
  title={Neural networks controlling prosody of Czech language},
  author={Ad{\'a}mek, Jakub},
  journal={Magister Thesis, Univerzita Karlova v Praze, Matematicko-fyzikaln fakulta},
  year={2002}
}

@article{Rumelhart1986,
  doi = {10.1038/323533a0},
  url = {https://doi.org/10.1038/323533a0},
  year = {1986},
  month = oct,
  publisher = {Springer Nature},
  volume = {323},
  number = {6088},
  pages = {533--536},
  author = {David E. Rumelhart and Geoffrey E. Hinton and Ronald J. Williams},
  title = {Learning representations by back-propagating errors},
  journal = {Nature}
}

@inproceedings{Ng2004,
  doi = {10.1145/1015330.1015435},
  url = {https://doi.org/10.1145/1015330.1015435},
  year = {2004},
  publisher = {{ACM} Press},
  author = {Andrew Y. Ng},
  title = {Feature selection,  L1 vs. L2 regularization,  and rotational invariance},
  booktitle = {Twenty-first international conference on Machine learning}
}

@article{Waibel1989,
  doi = {10.1109/29.21701},
  url = {https://doi.org/10.1109/29.21701},
  year = {1989},
  month = mar,
  publisher = {Institute of Electrical and Electronics Engineers ({IEEE})},
  volume = {37},
  number = {3},
  pages = {328--339},
  author = {A. Waibel and T. Hanazawa and G. Hinton and K. Shikano and K.J. Lang},
  title = {Phoneme recognition using time-delay neural networks},
  journal = {{IEEE} Transactions on Acoustics,  Speech,  and Signal Processing}
}

@article{Burr1988,
  doi = {10.1109/29.1643},
  url = {https://doi.org/10.1109/29.1643},
  year = {1988},
  month = jul,
  publisher = {Institute of Electrical and Electronics Engineers ({IEEE})},
  volume = {36},
  number = {7},
  pages = {1162--1168},
  author = {D.J. Burr},
  title = {Experiments on neural net recognition of spoken and written text},
  journal = {{IEEE} Transactions on Acoustics,  Speech,  and Signal Processing}
}

@inproceedings{Schwarz2006,
  doi = {10.1109/icassp.2006.1660023},
  url = {https://doi.org/10.1109/icassp.2006.1660023},
  publisher = {(IEEE)},
  year = {2006},
  author = {P. Schwarz and P. Matejka and J. Cernocky},
  title = {Hierarchical Structures of Neural Networks for Phoneme Recognition},
  booktitle = {2006 IEEE International Conference on Acoustics Speed and Signal Processing Proceedings}
}

@inproceedings{Deng2013a,
  doi = {10.1109/icassp.2013.6639344},
  url = {https://doi.org/10.1109/icassp.2013.6639344},
  year = {2013},
  month = may,
  publisher = {{IEEE}},
  author = {Li Deng and Geoffrey Hinton and Brian Kingsbury},
  title = {New types of deep neural network learning for speech recognition and related applications: an overview},
  booktitle = {2013 {IEEE} International Conference on Acoustics,  Speech and Signal Processing}
}

@inproceedings{Deng2013b,
  doi = {10.1109/icassp.2013.6639345},
  url = {https://doi.org/10.1109/icassp.2013.6639345},
  year = {2013},
  month = may,
  publisher = {{IEEE}},
  author = {Li Deng and Jinyu Li and Jui-Ting Huang and Kaisheng Yao and Dong Yu and Frank Seide and Michael Seltzer and Geoff Zweig and Xiaodong He and Jason Williams and Yifan Gong and Alex Acero},
  title = {Recent advances in deep learning for speech research at Microsoft},
  booktitle = {2013 {IEEE} International Conference on Acoustics,  Speech and Signal Processing}
}

@phdthesis{barros2013,
	address = {Fortaleza, Brazil},
	type = {Thesis - {phd}},
	title = {Revisitando o problema de classificação de padrões na presença de outliers usando técnicas de regressão robusta},
	url = {http://www.repositorio.ufc.br/handle/riufc/8003},
	language = {pt},
	urldate = {2019-11-13},
	school = {Centro de Tecnologia, Universidade Federal do Ceará},
	author = {Barros, Ana Luiza Bessa de Paula},
	year = {2013}
}

@incollection{BenGal,
  doi = {10.1007/0-387-25465-x_7},
  url = {https://doi.org/10.1007/0-387-25465-x_7},
  publisher = {Springer-Verlag},
  pages = {131--146},
  author = {Irad Ben-Gal},
  title = {Outlier Detection},
  booktitle = {Data Mining and Knowledge Discovery Handbook},
  year = {2005}
}

@book{Hawkins1980,
  doi = {10.1007/978-94-015-3994-4},
  url = {https://doi.org/10.1007/978-94-015-3994-4},
  year = {1980},
  publisher = {Springer Netherlands},
  author = {D. M. Hawkins},
  title = {Identification of Outliers}
}

@book{Barnett1994,
  doi = {10.1002/bimj.4710370219},
  url = {https://doi.org/10.1002/bimj.4710370219},
  year = {1994},
  publisher = {Wiley},
  author = {V. Barnett and T. Lewis},
  title = {Outliers in Statistical Data.}
}

@Book{Johnson1992,
  title         = {Applied multivariate statistical analysis},
  publisher     = {Englewood Cliffs (N.J.) : Prentice-Hall},
  year          = {1992},
  author        = {Johnson, Richard Arnold (viaf)166780991 and Wichern, Dean W. (viaf)2713933},
  edition       = {3rd. ed.},
  issn          = {0130418072},
  language      = {eng},
  url           = {http://lib.ugent.be/catalog/rug01:000295474},
}

@inproceedings{Papadimitriou,
  doi = {10.1109/icde.2003.1260802},
  url = {https://doi.org/10.1109/icde.2003.1260802},
  publisher = {{IEEE}},
  author = {S. Papadimitriou and H. Kitagawa and P.B. Gibbons and C. Faloutsos},
  title = {{LOCI}: fast outlier detection using the local correlation integral},
  booktitle = {Proceedings 19th International Conference on Data Engineering (Cat. No.03CH37405)}
}

@article{Davies1993,
  doi = {10.1080/01621459.1993.10476339},
  url = {https://doi.org/10.1080/01621459.1993.10476339},
  year = {1993},
  month = sep,
  publisher = {Informa {UK} Limited},
  volume = {88},
  number = {423},
  pages = {782--792},
  author = {Laurie Davies and Ursula Gather},
  title = {The Identification of Multiple Outliers},
  journal = {Journal of the American Statistical Association}
}

@inproceedings{Breunig2000,
  doi = {10.1145/342009.335388},
  url = {https://doi.org/10.1145/342009.335388},
  year = {2000},
  publisher = {{ACM} Press},
  author = {Markus M. Breunig and Hans-Peter Kriegel and Raymond T. Ng and J\"{o}rg Sander},
  title = {{LOF}},
  booktitle = {Proceedings of the 2000 {ACM} {SIGMOD} international conference on Management of data}
}

@inproceedings{Johnson1998FastCO,
  title={Fast Computation of 2-Dimensional Depth Contours},
  author={Theodore Johnson and Ivy Kwok and Raymond T. Ng},
  booktitle={KDD},
  year={1998}
}

@article{Jain1999,
  doi = {10.1145/331499.331504},
  url = {https://doi.org/10.1145/331499.331504},
  year = {1999},
  month = sep,
  publisher = {Association for Computing Machinery ({ACM})},
  volume = {31},
  number = {3},
  pages = {264--323},
  author = {A. K. Jain and M. N. Murty and P. J. Flynn},
  title = {Data clustering: a review},
  journal = {{ACM} Computing Surveys}
}

@inproceedings{Ronchetti2006,
  url = {https://www.researchgate.net/publication/228434224_The_historical_development_of_robust_statistics},
  year = {2006},
  month = {01},
  author = {Elvezio Ronchetti},
  title = {The historical development of robust statistics},
  booktitle = {Proceedings of the 7th International Conference On Teaching Statistics}
}

@inproceedings{Bessa2018,
  doi = {10.20906/cps/cba2018-0573},
  url = {https://doi.org/10.20906/cps/cba2018-0573},
  year = {2018},
  publisher = {{SBA} Sociedade Brasileira de Autom{\'{a}}tica},
  author = {Jessyca Almeida Bessa and  Guilherme A. Barreto},
  title = {Identifica{\c{c}}{\~{a}}o Recursiva de Sistemas Din{\^{a}}micos Usando Modelos Locais Robustos a Outliers},
  booktitle = {Proceedings {XXII} Congresso Brasileiro de Autom{\'{a}}tica}
}

@manual{Neyens2015,
      title  = {Linguistics for Language Learners: What is the IPA?},
      author = {Halle Neyens},
      note   = {\url{http://www.languagebasecamp.com/linguistics-for-language-learners-what-is-the-ipa/}},
      year   = {2015},
      month = {Jun}
}

@article{Schiller2005,
  doi = {10.1159/000087843},
  url = {https://doi.org/10.1159/000087843},
  year = {2005},
  publisher = {S. Karger {AG}},
  volume = {62},
  number = {1},
  pages = {55--58},
  author = {Niels O. Schiller and Antje S. Meyer},
  title = {Phonetics and Phonology in Language Comprehension and Production: Differences and Similarities},
  journal = {Phonetica}
}

@article{Best2001,
  doi = {10.1121/1.1332378},
  url = {https://doi.org/10.1121/1.1332378},
  year = {2001},
  month = feb,
  publisher = {Acoustical Society of America ({ASA})},
  volume = {109},
  number = {2},
  pages = {775--794},
  author = {Catherine T. Best and Gerald W. McRoberts and Elizabeth Goodell},
  title = {Discrimination of non-native consonant contrasts varying in perceptual assimilation to the listener's native phonological system},
  journal = {The Journal of the Acoustical Society of America}
}

@article{kuhl1995linguistic,
  title={Linguistic experience and the “perceptual magnet effect”},
  author={Kuhl, Patricia K and Iverson, Paul},
  journal={Speech perception and linguistic experience: Issues in cross-language research},
  pages={121--154},
  year={1995}
}

@misc{Bauer2010,
 author  = {Daniela de Almeida Bauer},
 title   = {O tratamento do aspecto fonético-fonológico na aula de inglês como LE : análise de um livro didático},
 note    = {Trabalho de Conclusão de Curso, Universidade Federal do Rio Grande do Sul, Porto Alegre, Brasil},
 year    = {2010}
}

@article{keys2002interlanguage,
  title={Interlanguage phonology Theoretical questions and empirical data},
  author={ Kevin John Keys},
  journal={Revista Linguagem \& Ensino},
  volume={5},
  number={1},
  pages={75-91},
  year={2002}
}

@article{alves2004,
  title={O papel da instru{\c{c}}{\~a}o expl{\'\i}cita na aquisi{\c{c}}{\~a}o fonol{\'o}gica do ingl{\^e}s como L2: evid{\^e}ncias fornecidas pela Teoria da Otimidade},
  author={Alves, Ubirat{\~a} Kickh{\"o}fel},
  journal={Pelotas: Disserta{\c{c}}{\~a}o de Mestrado, UCPel},
  year={2004}
}

@article{Marco2004,
  doi = {10.17851/2237-2083.12.2.491-504},
  url = {https://doi.org/10.17851/2237-2083.12.2.491-504},
  year = {2004},
  month = dec,
  publisher = {Faculdade de Letras da {UFMG}},
  volume = {12},
  number = {2},
  author = {Magliane De Marco},
  title = {A aquisi{\c{c}}{\~{a}}o de encontros consonantais do ingl{\^{e}}s iniciados por /s/: estudo de caso com crian{\c{c}}a brasileira},
  journal = {Revista de Estudos da Linguagem}
}

@phdthesis{Nobre-Oliveira2007,
	address = {Florianópolis, Brasil},
	type = {Tese - {phd}},
	title = {The effect of perceptual training on the learning of english vowels by brazilian portuguese spea},
	url = {http://repositorio.ufsc.br/xmlui/handle/123456789/90286},
	language = {pt},
	urldate = {2019-11-17},
	school = {Universidade Federal de Santa Catarina, Centro de Comunicação e Expressão. Programa de Pós-Graduação em Letras/Inglês e Literatura Correspondente},
	author = {Denize Nobre-Oliveira},
	year = {2007}
}

@inproceedings{grund_2020,
author = {Grund, Jonas and Umfahrer, Moritz and Buchweitz, Lea and Gay, James and Theil, Arthur and Korn, Oliver},
title = {A Gamified and Adaptive Learning System for Neurodivergent Workers in Electronic Assembling Tasks},
year = {2020},
isbn = {9781450375405},
publisher = {Association for Computing Machinery},
address = {New York, NY, USA},
url = {https://doi.org/10.1145/3404983.3410420},
doi = {10.1145/3404983.3410420},
booktitle = {Proceedings of the Conference on Mensch Und Computer},
pages = {491–494},
location = {Magdeburg, Germany},
series = {MuC '20}
}

@ARTICLE{chang_2010,
  author={Chang, Gary W. and Chen, Cheng-I and Teng, Yu-Feng},
  journal={IEEE Transactions on Industrial Electronics}, 
  title={Radial-Basis-Function-Based Neural Network for Harmonic Detection}, 
  year={2010},
  volume={57},
  number={6},
  pages={2171-2179},
  doi={10.1109/TIE.2009.2034681}
}
  
@article{HWANG19971495,
title = {An Efficient Method to Construct a Radial Basis Function Neural Network Classifier},
journal = {Neural Networks},
volume = {10},
number = {8},
pages = {1495-1503},
year = {1997},
issn = {0893-6080},
doi = {https://doi.org/10.1016/S0893-6080(97)00002-6},
url = {https://www.sciencedirect.com/science/article/pii/S0893608097000026},
author = {Young-Sup Hwang and Sung-Yang Bang},
}
