@phdthesis{grosjean1978,
  author  = {Grosjean, F.},
  title   = {Les variables temporelles dans la production, la perception et la comprehension de l’anglais et de la langue des signes américaines},
  school  = {Université de Paris VII},
  address = {Paris},
  year    = {1978},
}

@article{akerstedt1990,
	title = {Subjective and {Objective} {Sleepiness} in the {Active} {Individual}},
	volume = {52},
	issn = {0020-7454, 1543-5245},
	url = {http://www.tandfonline.com/doi/full/10.3109/00207459008994241},
	doi = {10.3109/00207459008994241},
	language = {en},
	number = {1-2},
	urldate = {2021-10-25},
	journal = {International Journal of Neuroscience},
	author = {Åkerstedt, Torbjörn and Gillberg, Mats},
	month = jan,
	year = {1990},
	pages = {29--37},
}

@article{akerstedt2008,
	title = {Predicting road crashes from a mathematical model of alertness regulation—{The} {Sleep}/{Wake} {Predictor}},
	volume = {40},
	issn = {00014575},
	url = {https://linkinghub.elsevier.com/retrieve/pii/S0001457508000511},
	doi = {10.1016/j.aap.2008.03.016},
	language = {en},
	number = {4},
	urldate = {2021-10-25},
	journal = {Accident Analysis \& Prevention},
	author = {Åkerstedt, Torbjörn and Connor, Jennie and Gray, Andrew and Kecklund, Göran},
	month = jul,
	year = {2008},
	pages = {1480--1485},
}

@article{banks2013,
	title = {An {Evaluation} of {Aviation} {Maintenance} {Fatigue} {Countermeasures} {Training}},
	urldate = {2021-10-25},
	journal = {PN},
	author = {Banks, Joy O. and Wenzel, B. and Avers, K. E. and Hauck, Erica L.},
	year = {2013},
}

@misc{fastfatigue,
	title = {Fatigue {Science}: {FAST} {Scheduling} software for industry, military and sports},
	shorttitle = {Fatigue {Science}},
	url = {http://www.fatiguescience.com/fast-scheduling/},
	urldate = {2021-10-25},
	author = {{FAST}},
}

@article{greeley2007,
	title = {Fatigue estimation using voice analysis},
	volume = {39},
	issn = {1554-351X, 1554-3528},
	url = {http://link.springer.com/10.3758/BF03193033},
	doi = {10.3758/BF03193033},
	language = {en},
	number = {3},
	urldate = {2021-10-25},
	journal = {Behavior Research Methods},
	author = {Greeley, Harold P. and Berg, Joel and Friets, Eric and Wilson, John and Greenough, Glen and Picone, Joseph and Whitmore, Jeff rey and Nesthus, Thomas},
	month = aug,
	year = {2007},
	pages = {610--619},
}

@techreport{greeley2013,
	title = {Field {Study} {Evaluation} of {Cepstrum} {Coefficient} {Speech} {Analysis} for {Fatigue} in {Aviation} {Cabin} {Crew}},
	url = {https://www.faa.gov/data_research/research/med_humanfacs/oamtechreports/2010s/media/201319.pdf},
	institution = {PN},
	author = {Greeley, Harold P. and {Peter G. Roma} and {Melissa M. Mallis} and {Steven R. Hursh} and {Andrew M. Mead} and {Thomas E. Nesthus}},
	year = {2013},
}

@article{johns1993,
	title = {Daytime {Sleepiness}, {Snoring}, and {Obstructive} {Sleep} {Apnea}},
	volume = {103},
	issn = {00123692},
	url = {https://linkinghub.elsevier.com/retrieve/pii/S0012369216382927},
	doi = {10.1378/chest.103.1.30},
	language = {en},
	number = {1},
	urldate = {2021-10-25},
	journal = {Chest},
	author = {Johns, Murray W.},
	month = jan,
	year = {1993},
	pages = {30--36},
}

@inproceedings{krajewski2007,
	title = {Using prosodic and spectral characteristics for sleepiness detection},
	url = {https://www.isca-speech.org/archive/interspeech_2007/krajewski07_interspeech.html},
	doi = {10.21437/Interspeech.2007-513},
	language = {en},
	urldate = {2021-10-25},
	booktitle = {Interspeech 2007},
	publisher = {ISCA},
	author = {Krajewski, Jarek and Kröger, Bernd},
	month = aug,
	year = {2007},
	pages = {1841--1844},
}

@article{krajewski2009,
	title = {Acoustic sleepiness detection: {Framework} and validation of a speech-adapted pattern recognition approach},
	volume = {41},
	issn = {1554-3528},
	shorttitle = {Acoustic sleepiness detection},
	url = {https://doi.org/10.3758/BRM.41.3.795},
	doi = {10.3758/BRM.41.3.795},
	language = {en},
	number = {3},
	urldate = {2021-10-25},
	journal = {Behavior Research Methods},
	author = {Krajewski, Jarek and Batliner, Anton and Golz, Martin},
	month = aug,
	year = {2009},
	pages = {795--804},
}

@inproceedings{krajewski2010,
	address = {Big Sky, Montana, USA{\textgreater}},
	title = {Estimating {Fatigue} from {Predetermined} {Speech} {Samples} {Transmitted} by {Operator} {Communication} {Systems}},
	url = {http://pubs.lib.uiowa.edu/driving/article/id/28109/},
	doi = {10.17077/drivingassessment.1359},
	booktitle = {Proceedings of the 5th {International} {Driving} {Symposium} on {Human} {Factors} in {Driver} {Assessment}, {Training}, and {Vehicle} {Design} : {Driving} {Assessment} 2009},
	publisher = {University of Iowa},
	author = {Krajewski, Jarek and Trutschel, Udo and Golz, Martin and Sommer, David and Edwards, Dave},
	year = {2010},
	pages = {468--474},
}

@article{lim2010,
	title = {A meta-analysis of the impact of short-term sleep deprivation on cognitive variables.},
	volume = {136},
	issn = {1939-1455, 0033-2909},
	url = {http://doi.apa.org/getdoi.cfm?doi=10.1037/a0018883},
	doi = {10.1037/a0018883},
	language = {en},
	number = {3},
	urldate = {2021-10-25},
	journal = {Psychological Bulletin},
	author = {Lim, Julian and Dinges, David F.},
	month = may,
	year = {2010},
	pages = {375--389},
}

@article{maclay1959,
	title = {Hesitation {Phenomena} in {Spontaneous} {English} {Speech}},
	volume = {15},
	issn = {0043-7956, 2373-5112},
	url = {http://www.tandfonline.com/doi/full/10.1080/00437956.1959.11659682},
	doi = {10.1080/00437956.1959.11659682},
	language = {en},
	number = {1},
	urldate = {2021-10-25},
	journal = {\textit{WORD}},
	author = {Maclay, Howard and Osgood, Charles E.},
	month = jan,
	year = {1959},
	pages = {19--44},
}

@techreport{samn1982,
	title = {Estimating aircrew fatigue: a technique with application to airlift operations},
	number = {29},
	institution = {USAF School of Aerospace Medicine},
	author = {Sherwood Samn and Layne P. Perelli},
	year = {1982},
}

@article{yoshitake1971,
	title = {Relations between the {Symptoms} and the {Feeling} of {Fatigue}},
	volume = {14},
	issn = {0014-0139, 1366-5847},
	url = {https://www.tandfonline.com/doi/full/10.1080/00140137108931236},
	doi = {10.1080/00140137108931236},
	language = {en},
	number = {1},
	urldate = {2021-10-25},
	journal = {Ergonomics},
	author = {Yoshitake, H.},
	month = jan,
	year = {1971},
	pages = {175--186},
}
