@article{giles1973b,
  doi = {10.1017/s0047404500000701},
  url = {https://doi.org/10.1017/s0047404500000701},
  year = {1973},
  month = oct,
  publisher = {Cambridge University Press ({CUP})},
  volume = {2},
  number = {2},
  pages = {177--192},
  author = {Howard Giles and Donald M. Taylor and Richard Bourhis},
  title = {Towards a theory of interpersonal accommodation through language: some Canadian data},
  journal = {Language in Society}
}

@misc{albano2020,
	address = {Vancouver},
	title = {Confusion or mistiming? {An} exploratory study of the stops of {Peruvian} {Quechua}/{Spanish} bilinguals living in {Brazil}},
	author = {Albano, Eleonora and Pessotti, Antônio and Diaz, Carla},
	year = {2020},
}

@misc{diaz2018,
	address = {Belo Horizonte},
	title = {Variability in ejective production in {Quechua}/{Spanish} bilinguals in {Brazil}},
	author = {Diaz, Carla and Albano, Eleonora},
	year = {2018},
	note = {{EICEFALA}},
}

@mastersthesis{diaz2021,
	title = {As {Oclusivas} de {Bilíngues} {Quéchua}-{Espanhol} do {Peru}: {Indícios} de {Deriva} {Fonética}},
	school = {University of Campinas},
	author = {Diaz, Carla},
	year = {2021},
}

@incollection{giles2007,
	title = {Communication {Accommodation} {Theory}},
	booktitle = {Explaining communication: {Contemporary} theories and exemplars},
	author = {Giles, Howard and Ogay, Tania},
	editor = {Whaley, Bryan B. and Samter, Wendy},
	pages = {293--310},
	year = {2007},
}

@article{giles1973,
	title = {Towards a theory of interpersonal accommodation through language: some {Canadian} data},
	volume = {2},
	issn = {0047-4045, 1469-8013},
	shorttitle = {Towards a theory of interpersonal accommodation through language},
	url = {https://www.cambridge.org/core/product/identifier/S0047404500000701/type/journal_article},
	doi = {10.1017/S0047404500000701},
	language = {en},
	number = {2},
	urldate = {2021-12-10},
	journal = {Language in Society},
	author = {Giles, Howard and Taylor, Donald M. and Bourhis, Richard},
	month = oct,
	year = {1973},
	pages = {177--192},
}

@article{quijano2000,
	title = {Coloniality of {Power}, {Eurocentrism}, and {Latin} {America}},
	volume = {1},
	number = {3},
	journal = {Nepantla},
	author = {Quijano, Anibal and Ennis, Michael},
	year = {2000},
	pages = {533--580},
}

@incollection{ramirez2013,
	title = {Três casos de deriva fonética intralinguística na aquisição fonológica de adultos},
	booktitle = {Dinâmica dos movimentos articulatórios: sons, gestos, imagens},
	publisher = {Editora da UFPel},
	author = {Ramirez, Diego Jiquilin and Pozzani, Denise and Pessoti, Antônio and Albano, Eleonora Cavalcante},
	editor = {Brum-de-Paula, Mirian Rose and Ferreira-Gonçalves, Giovana},
	year = {2013},
	pages = {11--35},
}

@article{roche2019,
	title = {Articulating language oppression: colonialism, coloniality and the erasure of {Tibet}’s minority languages},
	volume = {53},
	issn = {0031-322X, 1461-7331},
	shorttitle = {Articulating language oppression},
	url = {https://www.tandfonline.com/doi/full/10.1080/0031322X.2019.1662074},
	doi = {10.1080/0031322X.2019.1662074},
	language = {en},
	number = {5},
	urldate = {2021-12-10},
	journal = {Patterns of Prejudice},
	author = {Roche, Gerald},
	month = oct,
	year = {2019},
	pages = {487--514},
}

@article{sancier1997,
	title = {Gestural drift in a bilingual speaker of {Brazilian} {Portuguese} and {English}},
	volume = {25},
	issn = {00954470},
	url = {https://linkinghub.elsevier.com/retrieve/pii/S0095447097900516},
	doi = {10.1006/jpho.1997.0051},
	language = {en},
	number = {4},
	urldate = {2021-12-10},
	journal = {Journal of Phonetics},
	author = {Sancier, Michele L. and Fowler, Carol A.},
	month = oct,
	year = {1997},
	pages = {421--436},
}
