@article{baba2014,
	title = {Phase {Transitions} in {Development} of {Writing} {Fluency} {From} a {Complex} {Dynamic} {Systems} {Perspective}: {Phase} {Transition} in {Development} of {Writing} {Fluency}},
	volume = {64},
	issn = {00238333},
	shorttitle = {Phase {Transitions} in {Development} of {Writing} {Fluency} {From} a {Complex} {Dynamic} {Systems} {Perspective}},
	url = {https://onlinelibrary.wiley.com/doi/10.1111/lang.12033},
	doi = {10.1111/lang.12033},
	language = {en},
	number = {1},
	urldate = {2021-10-25},
	journal = {Language Learning},
	author = {Baba, Kyoko and Nitta, Ryo},
	month = mar,
	year = {2014},
	pages = {1--35},
}

@article{englhardt2020,
	title = {Improving semantic change analysis by combining word embeddings and word frequencies},
	volume = {21},
	issn = {1432-5012, 1432-1300},
	url = {http://link.springer.com/10.1007/s00799-019-00271-6},
	doi = {10.1007/s00799-019-00271-6},
	language = {en},
	number = {3},
	urldate = {2021-10-25},
	journal = {International Journal on Digital Libraries},
	author = {Englhardt, Adrian and Willkomm, Jens and Schäler, Martin and Böhm, Klemens},
	month = sep,
	year = {2020},
	pages = {247--264},
}

@article{flege1984,
	title = {Limits on phonetic accuracy in foreign language speech production},
	volume = {76},
	issn = {0001-4966},
	url = {http://asa.scitation.org/doi/10.1121/1.391257},
	doi = {10.1121/1.391257},
	language = {en},
	number = {3},
	urldate = {2021-10-25},
	journal = {The Journal of the Acoustical Society of America},
	author = {Flege, James Emil and Hillenbrand, James},
	month = sep,
	year = {1984},
	pages = {708--721},
}

@article{han2018,
	title = {Genre-based {L2} writing instruction and writing-specific psychological factors: {The} dynamics of change},
	volume = {40},
	issn = {10603743},
	shorttitle = {Genre-based {L2} writing instruction and writing-specific psychological factors},
	url = {https://linkinghub.elsevier.com/retrieve/pii/S1060374317304642},
	doi = {10.1016/j.jslw.2018.03.001},
	language = {en},
	urldate = {2021-10-25},
	journal = {Journal of Second Language Writing},
	author = {Han, Jiwon and Hiver, Phil},
	month = jun,
	year = {2018},
	pages = {44--59},
}

@article{henry2021,
	title = {Willingness to communicate in a multilingual context: part one, a time-serial study of developmental dynamics},
	issn = {0143-4632, 1747-7557},
	shorttitle = {Willingness to communicate in a multilingual context},
	url = {https://www.tandfonline.com/doi/full/10.1080/01434632.2021.1931248},
	doi = {10.1080/01434632.2021.1931248},
	language = {en},
	urldate = {2021-10-25},
	journal = {Journal of Multilingual and Multicultural Development},
	author = {Henry, Alastair and Thorsen, Cecilia and MacIntyre, Peter D.},
	month = jun,
	year = {2021},
	pages = {1--20},
}

@book{hiver2020,
	address = {Bristol ; Blue Ridge Summit},
	series = {Second language acquisition},
	title = {Research methods for complexity theory in applied linguistics},
	isbn = {9781788925730 9781788925747},
	number = {137},
	publisher = {Multilingual Matters},
	author = {Hiver, Phil and Al-Hoorie, Ali H.},
	year = {2020},
	keywords = {Language and languages, Study and teaching, Second language acquisition, Study and teaching, System theory},
}

@book{larsen-freeman2008,
	address = {Oxford},
	series = {Oxford applied linguistics},
	title = {Complex systems and applied linguistics},
	isbn = {9780194422444},
	language = {eng},
	publisher = {Oxford university press},
	author = {Larsen-Freeman, Diane and Cameron, Lynne},
	year = {2008},
}

@article{lowie2015,
	title = {Variability and Variation in Second Language Acquisition Orders: A Dynamic Reevaluation: Variability in Acquisition Orders: DST},
	volume = {65},
	issn = {00238333},
	url = {https://onlinelibrary.wiley.com/doi/10.1111/lang.12093},
	doi = {10.1111/lang.12093},
	language = {en},
	number = {1},
	urldate = {2021-10-25},
	journal = {Language Learning},
	author = {Lowie, Wander and Verspoor, Marjolijn},
	month = mar,
	year = {2015},
	pages = {63--88},
}

@article{lowie2019,
	title = {Individual {Differences} and the {Ergodicity} {Problem}: {Individual} {Differences} and {Ergodicity}},
	volume = {69},
	issn = {00238333},
	shorttitle = {Individual {Differences} and the {Ergodicity} {Problem}},
	url = {https://onlinelibrary.wiley.com/doi/10.1111/lang.12324},
	doi = {10.1111/lang.12324},
	language = {en},
	urldate = {2021-10-25},
	journal = {Language Learning},
	author = {Lowie, Wander M. and Verspoor, Marjolijn H.},
	month = mar,
	year = {2019},
	pages = {184--206},
}

@article{steenbeek2012,
	title = {Scaffolding dynamics and the emergence of problematic learning trajectories},
	volume = {22},
	issn = {10416080},
	url = {https://linkinghub.elsevier.com/retrieve/pii/S1041608011001646},
	doi = {10.1016/j.lindif.2011.11.014},
	language = {en},
	number = {1},
	urldate = {2021-10-25},
	journal = {Learning and Individual Differences},
	author = {Steenbeek, Henderien and Jansen, Louise and van Geert, Paul},
	month = feb,
	year = {2012},
	pages = {64--75},
}

@misc{taylor-analyzer,
	title = {Change-{Point} {Analyzer}},
	url = {https://variation.com/product/change-point-analyzer/},
	urldate = {2021-10-25},
	author = {{TAYLOR ENTERPRISES}},
}

@misc{taylorwayne,
	title = {Change-{Point} {Analysis}: {A} {Powerful} {New} {Tool} {For} {Detecting} {Changes}},
	shorttitle = {Change-{Point} {Analysis}},
	url = {https://variation.com/change-point-analysis-a-powerful-new-tool-for-detecting-changes/},
	language = {en-US},
	urldate = {2021-10-25},
	journal = {Taylor Enterprises},
	author = {Taylor, Wayne},
	month = apr,
	year = {2000},
}

@article{van_dijk2007,
	title = {Wobbles, humps and sudden jumps: a case study of continuity, discontinuity and variability in early language development},
	volume = {16},
	issn = {15227227, 15227219},
	url = {https://onlinelibrary.wiley.com/doi/10.1002/icd.506},
	doi = {10.1002/icd.506},
	language = {en},
	number = {1},
	urldate = {2021-10-25},
	journal = {Infant and Child Development},
	author = {van Dijk, Marijn and van Geert, Paul},
	month = feb,
	year = {2007},
	pages = {7--33},
}

@incollection{hepford2020,
	address = {Amsterdam},
	title = {Chapter 7. {The} elusive phase shift: {Capturing} changes in {L2} writing development and interaction between the cognitive and social ecosystems},
	volume = {54},
	isbn = {9789027205575 9789027205582 9789027261144},
	shorttitle = {Chapter 7. {The} elusive phase shift},
	url = {https://benjamins.com/catalog/lllt.54.07hep},
	language = {en},
	urldate = {2021-10-25},
	booktitle = {Language {Learning} \& {Language} {Teaching}},
	publisher = {John Benjamins Publishing Company},
	author = {Hepford, Elizabeth},
	editor = {Fogal, Gary G. and Verspoor, Marjolijn H.},
	month = jun,
	year = {2020},
	doi = {10.1075/lllt.54.07hep},
	pages = {161--182},
}

@incollection{garcia2013,
	address = {Amsterdam},
	title = {Dynamic Systems Theory as a comprehensive theory of second language development},
	volume = {9},
	isbn = {9789027205254 9789027205285 9789027272225},
	url = {https://benjamins.com/catalog/aals.9.13ch10},
	language = {en},
	urldate = {2021-10-25},
	booktitle = {{AILA} {Applied} {Linguistics} {Series}},
	publisher = {John Benjamins Publishing Company},
	author = {de Bot, Kees and Lowie, Wander and Thorne, Steven L. and Verspoor, Marjolijn},
	editor = {García Mayo, María del Pilar and Gutierrez Mangado, María Junkal and Martínez Adrián, María},
	year = {2013},
	doi = {10.1075/aals.9.13ch10},
	pages = {199--220},
}

@mastersthesis{schereschewsky2021,
  author = {Schereschewsky, Laura Castilhos},
  title = {Desenvolvimento de voice onset time em sistemas multilíngues (português - L1, inglês - L2 e francês - L3): discussões dinâmicas a partir de diferentes metodologias de análise de processo},
  school = {Universidade Federal do Rio Grande do Sul},
  year = {2021},
  address = {Porto Alegre},
}

@phdthesis{kupske2016,
  author = {Kupske, Felipe Flores},
  title = {Imigração, atrito e complexidade: a produção das oclusivas surdas iniciais do inglês e do português por sul-brasileiros residentes em Londres},
  school = {Universidade Federal do Rio Grande do Sul},
  year = {2016},
  address = {Porto Alegre},
}


