@book{abercrombie1971,
	address = {Chicago},
	title = {Elements of general phonetics},
	url = {https://archive.org/details/elementsofgenera0000aber_u2o1},
	language = {English},
	urldate = {2021-10-26},
	publisher = {Aldine Atherton},
	author = {Abercrombie, David},
	year = {1971},
	note = {OCLC: 1256469368},
}

@article{arvaniti2012,
	title = {The usefulness of metrics in the quantification of speech rhythm},
	volume = {40},
	issn = {00954470},
	url = {https://linkinghub.elsevier.com/retrieve/pii/S0095447012000137},
	doi = {10.1016/j.wocn.2012.02.003},
	language = {en},
	number = {3},
	urldate = {2021-10-26},
	journal = {Journal of Phonetics},
	author = {Arvaniti, Amalia},
	month = may,
	year = {2012},
	pages = {351--373},
}

@phdthesis{fuchs2016,
	title = {Speech rhythm in varieties of {English}: evidence from educated {Indian} {English} and {British} {English}},
	shorttitle = {Speech rhythm in varieties of {English}},
	language = {English},
	author = {Fuchs, Robert},
	year = {2016},
	note = {OCLC: 1084748564},
}

@article{li2014,
	title = {{L2} acquisition of prosodic properties of speech rhythm: evidence from {L1} mandarin and german learners of english},
	volume = {36},
	issn = {0272-2631, 1470-1545},
	url = {https://www.cambridge.org/core/product/identifier/S0272263113000752/type/journal_article},
	doi = {10.1017/S0272263113000752},
	language = {en},
	number = {2},
	urldate = {2021-10-26},
	journal = {Studies in Second Language Acquisition},
	author = {Li, Aike and Post, Brechtje},
	month = jun,
	year = {2014},
	pages = {223--255},
}

@book{ladefoged1975,
	address = {New York},
	title = {Course in Phonetics},
	isbn = {9780155151802},
	language = {Inglês},
	publisher = {Houghton Mifflin Harcourt P},
	author = {Ladefoged, Peter},
	year = {1975},
}

@article{lima2019,
	title = {A dynamic perspective on {L2} pronunciation development: bridging research and communicative teaching practice},
	volume = {16},
	issn = {1984-591X, 1806-4906},
	shorttitle = {A dynamic perspective on {L2} pronunciation development},
	url = {https://revistas.gel.org.br/rg/article/view/2417},
	doi = {10.21165/gel.v16i2.2417},
	number = {2},
	urldate = {2021-10-26},
	journal = {Revista do GEL},
	author = {Lima Jr, Ronaldo Mangueira and Alves, Ubiratã Kickhöfel},
	month = dec,
	year = {2019},
	pages = {27--56},
}

@book{pike1945,
	address = {Ann Arbor},
	series = {University of {Michigan} publications Linguistics},
	title = {The intonation of {American} {English}},
	publisher = {University of Michigan Publications},
	author = {Pike, Kenneth L.},
	year = {1945},
}

@article{ramus1999,
	title = {Correlates of linguistic rhythm in the speech signal},
	volume = {73},
	issn = {00100277},
	url = {https://linkinghub.elsevier.com/retrieve/pii/S001002779900058X},
	doi = {10.1016/S0010-0277(99)00058-X},
	language = {en},
	number = {3},
	urldate = {2021-10-26},
	journal = {Cognition},
	author = {Ramus, Franck and Nespor, Marina and Mehler, Jacques},
	month = dec,
	year = {1999},
	pages = {265--292},
}

@article{silva2020,
	title = {Speech rhythm of english as {L2}: an investigation of prosodic variables on the production of {Brazilian} {Portuguese} speakers},
	volume = {8},
	issn = {2236-9740},
	shorttitle = {Speech rhythm of english as {L2}},
	url = {https://econtents.bc.unicamp.br/inpec/index.php/joss/article/view/14996},
	doi = {10.20396/joss.v8i2.14996},
	number = {2},
	urldate = {2021-10-26},
	journal = {Journal of Speech Sciences},
	author = {Silva Junior, Leônidas José da and Barbosa, Plínio Almeida},
	month = aug,
	year = {2020},
	pages = {37--57},
}

@article{teixeira2021,
	title = {Análise do desenvolvimento do ritmo do inglês-{L2} por brasileiros por meio de três métricas rítmicas},
	volume = {16},
	issn = {1980-0614, 1980-0614},
	url = {https://revistas.ufpr.br/revistax/article/view/81413},
	doi = {10.5380/rvx.v16i5.81413},
	number = {5},
	urldate = {2021-10-26},
	journal = {Revista X},
	author = {Teixeira, Leonardo Antonio Silva and Lima Jr., Ronaldo Mangueira},
	month = sep,
	year = {2021},
	pages = {1258},
}

@article{thomson2015,
	title = {The Effectiveness of {L2} Pronunciation Instruction: a Narrative Review},
	volume = {36},
	issn = {0142-6001, 1477-450X},
	url = {https://academic.oup.com/applij/article-lookup/doi/10.1093/applin/amu076},
	doi = {10.1093/applin/amu076},
	language = {en},
	number = {3},
	urldate = {2021-10-26},
	journal = {Applied Linguistics},
	author = {Thomson, R. I. and Derwing, T. M.},
	month = jul,
	year = {2015},
	pages = {326--344},
}

@article{white2007,
	title = {Calibrating rhythm: {First} language and second language studies},
	volume = {35},
	issn = {00954470},
	shorttitle = {Calibrating rhythm},
	url = {https://linkinghub.elsevier.com/retrieve/pii/S0095447007000101},
	doi = {10.1016/j.wocn.2007.02.003},
	language = {en},
	number = {4},
	urldate = {2021-10-26},
	journal = {Journal of Phonetics},
	author = {White, Laurence and Mattys, Sven L.},
	month = oct,
	year = {2007},
	pages = {501--522},
}

@article{whitworth_speech_2002,
	title = {Speech rhythm production in three {German}-{English} bilingual families},
	volume = {9},
	number = {3},
	journal = {Leeds Working Papers in Linguistics and Phonetics},
	author = {Whitworth, Nicole},
	year = {2002},
	pages = {175--205},
}

@article{urbani2012,
	title = {Pitch Range in {L1}/{L2} {English}. {An} analysis of {F0} using {LTD} and linguistic measures},
	journal = {Methodological Perspectives on Second Language Prosody},
	author = {Urbani, Martina},
	year = {2012},
	pages = {79--83},
}

@misc{barbosa2019,
	title = {Metrics \& Acoustics Extractor version 1.0},
	author = {Barbosa, Plínio Almeida and SILVA JR., Leônidas José},
	year = {2019},
}

@article{gut2012,
	title = {Rhythm in {L2} speech},
	volume = {15},
	number = {14},
	journal = {Speech and Language Technology},
	author = {Gut, Ulrike},
	year = {2012},
	pages = {83--94},
}


@incollection{best2007,
	address = {Amsterdam},
	title = {Nonnative and second-language speech perception: {Commonalities} and complementarities},
	volume = {17},
	isbn = {9789027219732 9789027292872},
	shorttitle = {Nonnative and second-language speech perception},
	url = {https://benjamins.com/catalog/lllt.17.07bes},
	language = {en},
	urldate = {2021-10-26},
	booktitle = {Language {Learning} \& {Language} {Teaching}},
	publisher = {John Benjamins Publishing Company},
	author = {Best, Catherine T. and Tyler, Michael D.},
	editor = {Bohn, Ocke-Schwen and Munro, Murray J.},
	year = {2007},
	doi = {10.1075/lllt.17.07bes},
	pages = {13--34},
}

@article{dellwo2006,
	title = {Rhythm and Speech Rate: a Variation Coefficient for {deltaC}},
	shorttitle = {Rhythm and Speech Rate},
	url = {https://www.zora.uzh.ch/id/eprint/111789},
	doi = {10.5167/UZH-111789},
	urldate = {2021-10-26},
	author = {Dellwo, Volker},
	year = {2006},
}

@incollection{flege2021,
	edition = {1},
	title = {The Revised Speech Learning Model ({SLM}-r) Applied},
	isbn = {9781108886901 9781108840637 9781108814614},
	url = {https://www.cambridge.org/core/product/identifier/9781108886901%23CN-bp-2/type/book_part},
	urldate = {2021-10-26},
	booktitle = {Second Language Speech Learning},
	publisher = {Cambridge University Press},
	author = {Flege, James Emil and Aoyama, Katsura and Bohn, Ocke-Schwen},
	editor = {Wayland, Ratree},
	month = feb,
	year = {2021},
	doi = {10.1017/9781108886901.003},
	pages = {84--118},
}

@incollection{gussenhoven_durational_2002,
	title = {Durational variability in speech and the {Rhythm} {Class} {Hypothesis}},
	author = {Esther Grabe and Ee Ling Low},
	isbn = {9783110197105},
	url = {https://www.degruyter.com/document/doi/10.1515/9783110197105.2.515/html},
	urldate = {2021-10-26},
	booktitle = {Laboratory {Phonology} 7},
	publisher = {De Gruyter Mouton},
	editor = {Gussenhoven, Carlos and Warner, Natasha},
	month = aug,
	year = {2002},
	doi = {10.1515/9783110197105.2.515},
	pages = {515--546},
}

@phdthesis{cumming2010,
  author = {Ruth Elizabeth Cumming},
  title = {Speech rhythm: the language-specific integration of pitch and duration},
  school = {University of Cambridge},
  address = {Cambridge},
  year = {2010},
  month = {11},
}

@article{boersma_praat,        
    title = {Praat: doing phonetics by computer},        
    volume = {6.0.20},        
    shorttitle = {Praat tutorial},        
    url = {http://www.praat.org},        
    urldate = {2019-11-08},        
    author = {Boersma, Paul and Weenink, David},        
    year = {2019},
}
