
@article{boersma2007,
	title = {Some listener-oriented accounts of h-aspiré in {French}},
	volume = {117},
	issn = {00243841},
	url = {https://linkinghub.elsevier.com/retrieve/pii/S0024384106002191},
	doi = {10.1016/j.lingua.2006.11.004},
	language = {en},
	number = {12},
	urldate = {2021-10-23},
	journal = {Lingua},
	author = {Boersma, Paul},
	month = dec,
	year = {2007},
	pages = {1989--2054},
}

@article{bassetti2017,
	title = {Orthography affects second language speech: {Double} letters and geminate production in {English}.},
	volume = {43},
	issn = {1939-1285, 0278-7393},
	shorttitle = {Orthography affects second language speech},
	url = {http://doi.apa.org/getdoi.cfm?doi=10.1037/xlm0000417},
	doi = {10.1037/xlm0000417},
	language = {en},
	number = {11},
	urldate = {2021-10-23},
	journal = {Journal of Experimental Psychology: Learning, Memory, and Cognition},
	author = {Bassetti, Bene},
	month = nov,
	year = {2017},
	pages = {1835--1842},
}

@article{boersma2020,
	title = {Neural network models for phonology and phonetics},
	volume = {8},
	issn = {2299-8470, 2299-856X},
	url = {https://jlm.ipipan.waw.pl/index.php/JLM/article/view/224},
	doi = {10.15398/jlm.v8i1.224},
	number = {1},
	urldate = {2021-10-23},
	journal = {Journal of Language Modelling},
	author = {Boersma, Paul and Benders, Titia and Seinhorst, Klaas},
	month = oct,
	year = {2020},
}

@article{escudero2010,
	title = {The {Effect} of {L1} {Orthography} on {Non}-native {Vowel} {Perception}},
	volume = {53},
	issn = {0023-8309, 1756-6053},
	url = {http://journals.sagepub.com/doi/10.1177/0023830910371447},
	doi = {10.1177/0023830910371447},
	language = {en},
	number = {3},
	urldate = {2021-10-23},
	journal = {Language and Speech},
	author = {Escudero, Paola and Wanrooij, Karin},
	month = sep,
	year = {2010},
	pages = {343--365},
}

@misc{hamann2018,
	address = {London},
	title = {Ghost phonemes in second languages – {How} orthography can create contrasts without perceptual correlates},
	author = {Hamann, Silke},
	year = {2018},
}

@article{hamann2017,
	title = {A formal account of the interaction of orthography and perception: {English} intervocalic consonants borrowed into {Italian}},
	volume = {35},
	issn = {0167-806X, 1573-0859},
	shorttitle = {A formal account of the interaction of orthography and perception},
	url = {http://link.springer.com/10.1007/s11049-017-9362-3},
	doi = {10.1007/s11049-017-9362-3},
	language = {en},
	number = {3},
	urldate = {2021-10-23},
	journal = {Natural Language \& Linguistic Theory},
	author = {Hamann, Silke and Colombo, Ilaria E.},
	month = aug,
	year = {2017},
	pages = {683--714},
}

@mastersthesi{liu2018,
	title = {Aquisição da {Vibrante} {Simples} [r] pelos {Alunos} {Chineses} {Aprendentes} de {Português} como {Língua} {Estrangeira}},
	author = {Liu, Wen},
	institution = {University of Macau},
	address = {Macau, China},
	year = {2018}
}

@mastersthesi{zhou2017,
	title = {Contributo para o estudo da aquisição das consoantes líquidas do português europeu por aprendentes chineses},
	author = {Zhou, Chao},
	institution = {University of Lisbon},
	address = {Lisbon, Portugal},
	year = {2017}
}

@inproceedings{zhou2020,
	title = {Cross-{Linguistic} {Interaction} {Between} {Phonological} {Categorization} and {Orthography} {Predicts} {Prosodic} {Effects} in the {Acquisition} of {Portuguese} {Liquids} by {L1}-{Mandarin} {Learners}},
	url = {https://www.isca-speech.org/archive/interspeech_2020/zhou20h_interspeech.html},
	doi = {10.21437/Interspeech.2020-2689},
	language = {en},
	urldate = {2021-10-23},
	booktitle = {Interspeech 2020},
	publisher = {ISCA},
	author = {Zhou, Chao and Hamann, Silke},
	month = oct,
	year = {2020},
	pages = {4486--4490},
}

