@phdthesis{albuquerque2019,
  author = {Albuquerque, Jeniffer Imaregna Alcantara de}, 
  title = {Caminhos dinâmicos em inteligibilidade e compreensibilidade de línguas adicionais: um estudo longitudinal com dados de fala de haitianos aprendizes de Português Brasileiro},
  school = {Universidade Federal do Rio Grande do Sul},
  year = {2019},
  address = {Porto Alegre},
}

@unpublished{alves2021,
  author = {Ubiratã Kickhöfel Alves}, 
  title = {The title of the work},
  note = {In progress},
  year = {2021}
}

@article{alves2019,
  author = {Ubiratã Kickhöfel Alves and Pedro Luis Luchini and Laura Castilhos Schereschewsky},
  title = {L2 development and L1 attrition in an L1-dominant environment: analysing voice onset time in L1 Spanish and L2 English},
  journal = {Estudos da Língua(gem)},
  volume = {17},
  number = {2},
  year = {2019},
  pages = {159--182}
}

@article{alves2020,
  author = {Ubiratã Kickhöfel Alves and Anderson Miranda Santana},
  title = {Desenvolvimento das vogais orais tônicas do Português Brasileiro por um aprendiz argentino: uma análise de processo via Teoria dos Sistemas Dinâmicos Complexos (TSDC)},
  journal = {Estudos Linguísticos e Literários},
  number = {67},
  year = {2020}
}


@incollection{bulte2020,
  author = {Bram Bulté and Alex Housen},
  editor = {Wander Lowie and Marije Michel and Merel Keijzer and Rasmus Steinkrauss},
  doi = {10.21832/9781788925259-006},
  title = {A DUB-Inspired Case Study of Multidimensional L2 Complexity Development: Competing or Connecting Growers?},
  booktitle = {Usage-Based Dynamics in Second Language Development},
  year = {2020},
  publisher = {Multilingual Matters},
  pages = {50--86}
}

@article{chang2021,
  author = {Pengyun Chang and Lawrence Jun Zhang},
  title = {A CDST Perspective on Variability in Foreign Language Learners' Listening Development},
  journal = {Frontiers in Psychology},
  volume = {12},
  number = {601962},
  year = {2021}
}


@incollection{bot2014,
  title     = "Rates of change: Timescales in second language development",
  booktitle = "Motivational Dynamics in Language Learning",
  author    = "Bot, Kees de",
  editor    = "D{\"o}rnyei, Zolt{\'a}n and MacIntyre, Peter D and Henry, Alastair",
  publisher = "Multilingual Matters",
  pages     = "29--37",
  month     =  dec,
  year      =  2014,
  address   = "Bristol, Blue Ridge Summit"
}


@article{santos2018,
  title     = "Explorando a possibilidade de atrito lingu{\'\i}stico",
  author    = "De los Santos, Bruna da Rosa and Alves, Ubirat{\~a} Kickh{\"o}fel",
  journal   = "Gradus: Revista Brasileira de Fonologia de Laboratório",
  volume    =  3,
  number    =  1,
  pages     = "14--41",
  month     =  jul,
  year      =  2018
}

@book{herdina2001,
  title     = "A dynamic model of multilingualism",
  author    = "Herdina, Philip and Jessner, Ulrike",
  publisher = "Multilingual Matters",
  series    = "Multilingual Matters",
  month     =  nov,
  year      =  2001,
  address   = "Bristol, England",
  language  = "en"
}

@book{hiver2019,
  title     = "Research methods for complexity theory in applied linguistics",
  author    = "Hiver, Phil and Al-Hoorie, Ali H",
  publisher = "Multilingual Matters",
  series    = "Second Language Acquisition",
  month     =  dec,
  year      =  2019,
  address   = "Bristol, England"
}

@phdthesis{kupske2015,
  author       = {Felipe Flores Kupske}, 
  title        = {Imigração, atrito e complexidade : a produção das oclusivas surdas iniciais do inglês e do português por sul-brasileiros residentes em Londres},
  school       = {Universidade Federal do Rio Grande do Sul},
  year         = 2015,
  address      = {Porto Alegre},
}


@incollection{lowie2017,
  title     = "Lost in state space?",
  booktitle = "Language Learning \& Language Teaching",
  author    = "Lowie, Wander",
  publisher = "John Benjamins Publishing Company",
  pages     = "123--141",
  month     =  oct,
  year      =  2017,
  address   = "Amsterdam"
}

@article{lowie2019,
  title     = "Individual differences and the ergodicity problem",
  author    = "Lowie, Wander M and Verspoor, Marjolijn H",
  journal   = "Language Learning",
  publisher = "Wiley",
  volume    =  69,
  pages     = "184--206",
  month     =  mar,
  year      =  2019,
  language  = "en"
}

@phdthesis{pereyron2017,
  author       = {Pereyron, Letícia}, 
  title        = {A produção vocálica por falantes de espanhol (L1), inglês (L2) e português (L3) : uma perspectiva dinâmica na (multi) direcionalidade da transferência linguística},
  school       = {Universidade Federal do Rio Grande do Sul},
  year         = 2017,
  address      = {Porto Alegre},
}

@mastersthesis{schereschewsky2021,
  author       = {Laura Castilhos Schereschewsky}, 
  title        = {Desenvolvimento de Voice Onset Time em sistemas multilíngues (Português – L1, Inglês – L2 e Francês – L3): discussões dinâmicas a partir de diferentes metodologias de análise de processo},
  school       = {Universidade Federal do Rio Grande do Sul},
  year         = 2021,
  address      = {Porto Alegre},
}


@article{schereschewsky2018,
  title     = "First language attrition: The effects of English (L2) on Brazilian Portuguese {VOT} patterns in an L1-dominant environment",
  author    = "Schereschewsky, Laura Castilhos and Alves, Ubirat{\~a} Kickh{\"o}fel and Kupske, Felipe Flores",
  journal   = "Letr{\^o}nica",
  volume    =  10,
  number    =  2,
  pages     = "700--716",
  doi       = "10.15448/1984-4301.2017.2.26365",
  month     =  mar,
  year      =  2018
}

@article{schereschewsky2019,
  title     = "Atrito lingu{\'\i}stico em plosivas em in{\'\i}cio de palavra: dados de bil{\'\i}ngues e tril{\'\i}ngues",
  author    = "Schereschewsky, Laura Castilhos and Alves, Ubirat{\~a} Kickh{\"o}fel and Kupske, Felipe Flores",
  journal   = "Rev. Lingu{\'\i}ʃtica",
  publisher = "Revista Linguistica",
  volume    =  15,
  number    =  2,
  pages     = "10--29",
  month     =  dec,
  year      =  2019
}

@techreport{taylor2000,
  author       = {Wayne A. Taylor}, 
  title        = {Change-point analysis: a powerful new tool for detecting changes},
  institution  = {Baxter Healthcare Corporation},
  year         = 2000,
  url          = {https://variation.com/change-point-analysis-a-powerful-new-tool-for-detecting-changes/},
}


@book{verspoor2011,
  title     = "A dynamic approach to second language development",
  editor    = "Verspoor, Marjolijn H and De Bot, Kees and Lowie, Wander",
  publisher = "John Benjamins Publishing",
  series    = "Language Learning \& Language Teaching",
  month     =  feb,
  year      =  2011,
  address   = "Amsterdam, Netherlands"
}

@incollection{verspoor2011b,
  author       = {Verspoor, Marjolijn H and De Bot, Kees}, 
  title        = {Visualizing interaction between variables},
  pages        = {85-98},
  publisher    = {John Benjamins Publishing},
  editor       = {Verspoor, Marjolijn H and De Bot, Kees and Lowie, Wander},
  booktitle    = {A dynamic approach to second language development},
  year         = 2011,
  address      = {Amsterdam, Netherlands},
}
