@inproceedings{Boersma93,
    author = {Paul Boersma},
    title = {Accurate short-term analysis of the fundamental frequency and the harmonics-to-noise ratio of a sampled sound},
    booktitle = {IFA Proceedings 17},
    year = {1993},
    pages = {97--110}
}

@article{praat2011,
        author = {Paul Boersma and David Weenink},
	title = {Praat: {Doing} {Phonetics} by {Computer}},
	volume = {32},
	issn = {0196-0202},
	shorttitle = {Praat},
	url = {https://journals.lww.com/00003446-201103000-00012},
	doi = {10.1097/AUD.0b013e31821473f7},
	language = {en},
	number = {2},
	urldate = {2021-10-23},
	journal = {Ear \& Hearing},
	month = mar,
	year = {2011},
	pages = {266},
}

@book{silva2012,
	edition = {2},
	title = {Pron\'uncia do ingl\^es - para falantes do portugu\^es brasileiro},
	isbn = {9788572447379},
	publisher = {Editora Contexto},
	author = {Silva, Thais Cristofaro},
	year = {2012},
}

@incollection{mendesjr2022,
	title = {Plural formation in {English}: a {Brazilian} {Portuguese} case study},
	booktitle = {Second {Language} {Pronunciation}: {Different} {Approaches} to {Teaching} and {Training}},
	author = {Mendes Jr., Wellington  and Crist\'{o}faro-Silva, Thais},
	publisher = {De Gruyter Mouton},
	year = {2022 in press},
	editor = {Ubirat\~{a} Kickh\"{o}fel Alves and Jeniffer Imaregna Alcantara de Albuquerque},
	volume = {64},
	series = {Studies on Language Acquisition}
}

@mastersthesis{delatorre2006,
  author       = {Delatorre, Fernanda}, 
  title        = {Brazilian efl learners production of vowel epenthesis in words ending in-ed},
  institution  = {Universidade Federal de Santa Catarina},
  year         = {2006},
  address      = {Florian\'opolis, SC},
  month        = {10},
}

@phdthesis{fragozo2017,
  author       = {Fragozo, Carina Silva}, 
  title        = {Aquisi\c{c}\~{a}o de regras fonol\'{o}gicas do ingl\^{e}s por falantes de portugu\^{e}s brasileiro},
  institution  = {Universidade de S\~{a}o Paulo},
  year         = 2017,
  address      = {S\~{a}o Paulo},
  month        = 12,
  url = {http://www.teses.usp.br/teses/disponiveis/8/8139/tde-21122017-124449/},
}


@article{hamann2017,
	title = {A formal account of the interaction of orthography and perception: {English} intervocalic consonants borrowed into {Italian}},
	volume = {35},
	issn = {0167-806X, 1573-0859},
	shorttitle = {A formal account of the interaction of orthography and perception},
	url = {http://link.springer.com/10.1007/s11049-017-9362-3},
	doi = {10.1007/s11049-017-9362-3},
	language = {en},
	number = {3},
	urldate = {2021-10-23},
	journal = {Natural Language \& Linguistic Theory},
	author = {Hamann, Silke and Colombo, Ilaria E.},
	month = aug,
	year = {2017},
	pages = {683--714},
}


@book{hayes2011,
	title = {Introductory {Phonology}},
	isbn = {9781118315958 9781444360134},
	url = {https://nbn-resolving.org/urn:nbn:de:101:1-201410212801},
	language = {English},
	urldate = {2021-10-23},
	author = {Hayes, Bruce},
	year = {2011},
	note = {OCLC: 894709783},
}

@book{johnson1997,
	address = {Cambridge, Mass},
	title = {Acoustic and auditory phonetics},
	isbn = {9780631200949 9780631200956},
	publisher = {Blackwell Publishers},
	author = {Johnson, Keith},
	year = {1997},
	keywords = {Phonetics, Acoustic, Hearing},
}


@article{rafat2015,
	title = {The interaction of acoustic and orthographic input in the acquisition of {Spanish} assibilated/fricative rhotics},
	volume = {36},
	issn = {0142-7164, 1469-1817},
	url = {https://www.cambridge.org/core/product/identifier/S0142716414000423/type/journal_article},
	doi = {10.1017/S0142716414000423},
	language = {en},
	number = {1},
	urldate = {2021-10-23},
	journal = {Applied Psycholinguistics},
	author = {Rafat, Yasaman},
	month = jan,
	year = {2015},
	pages = {43--66},
}

@article{silveira2007,
  doi = {10.17851/2237-2083.15.1.147-180},
  url = {https://doi.org/10.17851/2237-2083.15.1.147-180},
  year = {2007},
  journal = {Revista de Estudos da Linguagem},
  month = jun,
  publisher = {Faculdade de Letras da {UFMG}},
  volume = {15},
  number = {1},
  author = {Rosane Silveira},
  title = {O papel desempenhado pelo tipo de tarefa e pela ortografia na produ{\c{c}}{\~{a}}o de consoantes em final de palavra}
}

@mastersthesis{soares2016,
  author = {Soares, Victor Hugo Medina},
  title = {Encontros consonantais em final de palavra no portugu\^es brasileiro},
  institution = {Federal University of Minas Gerais},
  address = {Belo Horizonte},
  year = {2016}
}


@mastersthesis{zanfra2013,
  author       = {Zanfra, Mayara Tsuchida}, 
  title        = {Phonological context as a trigger of voicing change: a study on the production of english /s/ and /z/ in word-final position by brazilians},
  institution  = {Universidade Federal de Santa Catarina},
  year         = 2013,
  address      = {Florian\'{o}polis},
  month        = 12,
}

@article{zhou2021,
	title = {L2 speech learning of {European} {Portuguese} /l/ and /flap/ by {L1}-{Mandarin} learners: {Experimental} evidence and theoretical modelling},
	issn = {1048-9223, 1532-7817},
	shorttitle = {L2 speech learning of {European} {Portuguese} /l/ and /{\Elzfhr}/ by {L1}-{Mandarin} learners},
	url = {https://www.tandfonline.com/doi/full/10.1080/10489223.2021.1952591},
	doi = {10.1080/10489223.2021.1952591},
	language = {en},
	urldate = {2021-10-23},
	journal = {Language Acquisition},
	author = {Zhou, Chao},
	month = aug,
	year = {2021},
	pages = {1--2},
}

@misc{guimaraes2021,
  author       = {Thais Crist\'{o}faro-Silva and Daniela Guimaraes}, 
  title        = {untitled},
  howpublished = {Paper presented at Semin\'{a}rio de Ci\^{e}ncias da Fala},
  month        = 9,
  year         = 2021,
}

