
@book{albano2001,
	address = {Campinas, SP},
	series = {Coleção {Leituras} no {Brasil}},
	title = {O gesto e suas bordas: esboço de fonologia acústico-articulatória do português brasileiro},
	isbn = {9788585725631},
	shorttitle = {O gesto e suas bordas},
	publisher = {ALB : Mercado de Letras},
	author = {Albano, Eleonora Cavalcante},
	year = {2001},
	note = {OCLC: ocm52264168},
	keywords = {Portuguese language, Phonology, Brazil},
}

@article{albano2007,
	title = {Representações dinâmicas e distribuídas: indícios do português brasileiro adulto e infantil},
	volume = {42},
	issn = {1984-7726},
	shorttitle = {Representações dinâmicas e distribuídas},
	url = {https://revistaseletronicas.pucrs.br/index.php/fale/article/view/675},
	language = {pt;en;es;},
	number = {1},
	urldate = {2021-10-25},
	journal = {Letras de Hoje},
	author = {Albano, Eleonora Cavalcante},
	month = aug,
	year = {2007},
}

@article{van_alphen2004,
	title = {Acoustical and perceptual analysis of the voicing distinction in {Dutch} initial plosives: the role of prevoicing},
	volume = {32},
	issn = {00954470},
	shorttitle = {Acoustical and perceptual analysis of the voicing distinction in {Dutch} initial plosives},
	url = {https://linkinghub.elsevier.com/retrieve/pii/S0095447004000324},
	doi = {10.1016/j.wocn.2004.05.001},
	language = {en},
	number = {4},
	urldate = {2021-10-25},
	journal = {Journal of Phonetics},
	author = {van Alphen, Petra M. and Smits, Roel},
	month = oct,
	year = {2004},
	pages = {455--491},
}

@article{barbosa1996,
	title = {At least two macrorhythmic units are necessary for modeling {Brazilian Portuguese} duration: emphasis on automatic segmental duration generation},
	volume = {31},
	issn = {2447-0686},
	url = {https://periodicos.sbu.unicamp.br/ojs/index.php/cel/article/view/8636991},
	doi = {10.20396/cel.v31i0.8636991},
	language = {pt},
	urldate = {2021-10-25},
	journal = {Cadernos de Estudos Linguísticos},
	author = {Barbosa, Plínio Almeida},
	year = {1996},
}

@article{barroco_2007,
	title = {Análise temporal das oclusivas orais do {Português} {Europeu}: um estudo de caso de normalidade e perturbação fonológica},
	volume = {9},
	issn = {1516-1846},
	doi = {10.1590/S1516-18462007000200003},
	number = {2},
	urldate = {2021-10-25},
	journal = {Revista CEFAC},
	author = {Barroco, Mário André Lopes and Domingues, Marta Teresa Pedrosa and Pires, Maria de Fátima Marques de Oliveira and Lousada, Marisa and Jesus, Luis M. T.},
	month = jun,
	year = {2007},
	pages = {154--163},
}

@article{barton1980,
	title = {An instrumental analysis of the voicing contrast in word-initial stops in the speech of four-year-old English-speaking children},
	volume = {23},
	issn = {0023-8309, 1756-6053},
	url = {http://journals.sagepub.com/doi/10.1177/002383098002300203},
	doi = {10.1177/002383098002300203},
	language = {en},
	number = {2},
	urldate = {2021-10-25},
	journal = {Language and Speech},
	author = {Barton, David and Macken, Marlys A.},
	month = apr,
	year = {1980},
	pages = {159--169},
}

@article{barzaghi2007,
	title = {Deficiência de audição e contraste de vozeamento em oclusivas do português brasileiro: análise acústica e perceptiva},
	volume = {19},
	number = {3},
	journal = {Distúrbios da Comunicação},
	author = {Barzaghi, Luisa and Barbosa, Kátia and Malt, Samar M. El},
	year = {2007},
	pages = {343--355},
}

@book{behlau1995,
	address = {São Paulo},
	edition = {1},
	title = {Avaliacao e tratamento das disfonias},
	isbn = {9788585274269},
	language = {Português},
	publisher = {Editora Lovise},
	author = {Behlau, Mara},
	month = jan,
	year = {1995},
}

@inproceedings{benki2005,
	title = {Perception of {VOT} and first formant onset by {Spanish} and {English} speakers},
	abstract = {Many languages exhibit a voicing distinction with two series of stops, voiced and voiceless, which differ primarily in the relative timing between the consonantal release and the onset of laryngeal vibration, known as voice onset time (VOT) (Lisker and Abramson, 1964). While the exact},
	booktitle = {In},
	publisher = {Cascadilla Press},
	author = {Benkí, José R.},
	year = {2005},
	pages = {240--248},
}

@article{berti2012,
	title = {Desempenho perceptivo-auditivo de crianças na identificação de contrastes fonológicos entre as oclusivas},
	volume = {24},
	issn = {2179-6491},
	doi = {10.1590/S2179-64912012000400010},
	number = {4},
	urldate = {2021-10-25},
	journal = {Jornal da Sociedade Brasileira de Fonoaudiologia},
	author = {Berti, Larissa Cristina and Falavigna, Ana Elisa and Santos, Jéssica Blanca dos and Oliveira, Rita Aparecida de},
	year = {2012},
	pages = {348--354},
}

@article{prado2007,
	title = {Principais características da produção vocal do deficiente auditivo},
	volume = {9},
	issn = {1516-1846, 1982-0216},
	url = {http://www.scielo.br/j/rcefac/a/fmG7Bb894hLpvDCQq78RbsB/?lang=pt},
	doi = {10.1590/S1516-18462007000300014},
	language = {pt},
	urldate = {2021-10-25},
	journal = {Revista CEFAC},
	author = {Prado, Aline do Carmo},
	month = sep,
	year = {2007},
	keywords = {Audição, Distúrbios da Voz, Surdez, Qualidade da Voz},
	pages = {404--410},
}

@article{camargo1999,
	title = {Da fonação à articulação: princípios fisiológicos e acústicos},
	volume = {2},
	number = {2},
	urldate = {2021-10-25},
	journal = {Fonoaudiologia Brasil},
	author = {Camargo, Zuleica},
	year = {1999},
	pages = {14--19},
}

@article{cho1999,
	title = {Variation and universals in {VOT}: evidence from 18 languages},
	volume = {27},
	issn = {00954470},
	shorttitle = {Variation and universals in {VOT}},
	url = {https://linkinghub.elsevier.com/retrieve/pii/S0095447099900943},
	doi = {10.1006/jpho.1999.0094},
	language = {en},
	number = {2},
	urldate = {2021-10-25},
	journal = {Journal of Phonetics},
	author = {Cho, Taehong and Ladefoged, Peter},
	month = apr,
	year = {1999},
	pages = {207--229},
}

@book{fant2012,
	title = {Acoustic theory of speech production: with calculations based on {X}-{Ray} studies of {Russian} articulations},
	isbn = {9783110873429},
	shorttitle = {Acoustic {Theory} of {Speech} {Production}},
	url = {https://0-doi-org.pugwash.lib.warwick.ac.uk/10.1515/9783110873429},
	language = {In English},
	urldate = {2021-10-25},
	author = {Fant, Gunnar},
	year = {2012},
	note = {OCLC: 1089408795},
}

@article{gregio2005,
	title = {Dados de tempo de início do vozeamento ({VOT}) na avaliação do sinal vocal de indivíduos com paralisia unilateral de prega vocal},
	volume = {17},
	number = {3},
	journal = {Distúrbios da Comunicação},
	author = {Gregio, Fabiana Nogueira and Camargo, Zuleica Antonia de},
	year = {2005},
	pages = {289--97},
}

@article{gregio_modelos_2006,
	title = {Modelos teóricos de produção e percepção da fala como um sistema dinâmico},
	volume = {8},
	number = {2},
	journal = {Revista CEFAC},
	author = {Gregio, Fabiana Nogueira and Gama-Rossi, Aglael and Madureira, Sandra and {Zuleica Camargo}},
	year = {2006},
	pages = {244--247},
}

@article{gregio2011,
	title = {O uso da eletroglotografia na investigação do vozeamento em adultos sem queixa de fala},
	volume = {23},
	issn = {2237-759X},
	url = {https://revistas.pucsp.br/index.php/intercambio/article/view/8890},
	language = {pt},
	urldate = {2021-10-25},
	journal = {Intercâmbio. Revista do Programa de Estudos Pós-Graduados em Linguística Aplicada e Estudos da Linguagem},
	author = {Gregio, Fabiana Nogueira and Queiroz, Renata de Moraes and Sacco, Andrea Baldi de Freitas and Camargo, Zuleica},
	year = {2011},
}

@article{hanson2009,
	title = {Effects of obstruent consonants on fundamental frequency at vowel onset in {English}},
	volume = {125},
	issn = {0001-4966},
	url = {https://www.ncbi.nlm.nih.gov/pmc/articles/PMC2677272/},
	doi = {10.1121/1.3021306},
	number = {1},
	urldate = {2021-10-25},
	journal = {The Journal of the Acoustical Society of America},
	author = {Hanson, Helen M.},
	month = jan,
	year = {2009},
	pmid = {19173428},
	pmcid = {PMC2677272},
	pages = {425--441},
}

@article{hoit1993,
	title = {Effect of Lung Volume on Voice Onset Time ({VOT})},
	volume = {36},
	issn = {1092-4388, 1558-9102},
	url = {http://pubs.asha.org/doi/10.1044/jshr.3603.516},
	doi = {10.1044/jshr.3603.516},
	language = {en},
	number = {3},
	urldate = {2021-10-25},
	journal = {Journal of Speech, Language, and Hearing Research},
	author = {Hoit, Jeannette D. and Solomon, Nancy Pearl and Hixon, Thomas J.},
	month = jun,
	year = {1993},
	pages = {516--520},
}

@book{johnson2003,
	edition = {3},
	title = {Acoustic and {Auditory} {Phonetics}},
	language = {Inglês},
	publisher = {Wiley-Blackwell},
	author = {Johnson, Keith},
	month = jul,
	year = {2003},
}

@book{kent1992,
	address = {San Diego, Calif},
	title = {The acoustic analysis of speech},
	isbn = {9781879105430},
	publisher = {Singular Pub. Group},
	author = {Kent, Raymond D. and Read, Charles},
	year = {1992},
	keywords = {Phonetics, Acoustic},
}

@article{schneider2014,
	title = {Análise dos traços distintivos e dos sistemas fonético e fonológico nas diferentes gravidades do desvio fonológico},
	volume = {16},
	issn = {1516-1846, 1982-0216},
	url = {http://www.scielo.br/j/rcefac/a/hcdvq3fjbC4n7RMmywVnxVQ/?lang=pt},
	doi = {10.1590/1982-021620149413},
	language = {pt},
	urldate = {2021-10-25},
	journal = {Revista CEFAC},
	author = {Schneider, Gabriela Bayer and Dias, Roberta Freitas and Mezzomo, Carolina Lisbôa},
	month = dec,
	year = {2014},
	keywords = {Fala, Distúrbios da Fala, Linguagem, Linguagem Infantil, Transtornos da Articulação},
	pages = {1850--1859},
}

@article{keskesoares2004,
	title = {O desvio fonológico caracterizado por índices de substituição e omissão},
	volume = {9},
	number = {1},
	journal = {Revista da Sociedade Brasileira de Fonoaudiologia},
	author = {Keske-Soares, Márcia and Blanco, Ana Paula Félix and Mota, Helena Bolli},
	year = {2004},
	pages = {10--18},
}

@article{lisker1964,
	title = {A Cross-Language Study of Voicing in Initial Stops: Acoustical Measurements},
	volume = {20},
	issn = {0043-7956, 2373-5112},
	shorttitle = {A {Cross}-{Language} {Study} of {Voicing} in {Initial} {Stops}},
	url = {http://www.tandfonline.com/doi/full/10.1080/00437956.1964.11659830},
	doi = {10.1080/00437956.1964.11659830},
	language = {en},
	number = {3},
	urldate = {2021-10-25},
	journal = {\textit{WORD}},
	author = {Lisker, Leigh and Abramson, Arthur S.},
	month = jan,
	year = {1964},
	pages = {384--422},
}

@incollection{madureira,
	title = {Voicing Contrasts and the Deaf: Production and Perception Issues},
	shorttitle = {Voicing {Contrasts} and the {Deaf}},
	booktitle = {Investigations in {Clinical} {Phonetics} and {Linguistics}},
	author = {Madureira, Sandra and Barzaghi, Luisa and Mendes, Beatriz},
}

@article{melo2012,
	title = {Parâmetros acústicos do contraste de sonoridade das plosivas no desenvolvimento fonológico típico e no desviante},
	volume = {17},
	issn = {1516-8034},
	doi = {10.1590/S1516-80342012000300012},
	number = {3},
	urldate = {2021-10-25},
	journal = {Revista da Sociedade Brasileira de Fonoaudiologia},
	author = {Melo, Roberta Michelon and Mota, Helena Bolli and Mezzomo, Carolina Lisbôa and Brasil, Brunah de Castro and Lovatto, Liane and Arzeno, Leonardo},
	year = {2012},
	pages = {304--312},
}

@article{mota2012,
	title = {Ocorrência de dessonorização no desvio fonológico: relação com fonemas mais acometidos, gravidade do desvio e idade},
	volume = {17},
	issn = {1516-8034},
	shorttitle = {Ocorrência de dessonorização no desvio fonológico},
	doi = {10.1590/S1516-80342012000400011},
	number = {4},
	urldate = {2021-10-25},
	journal = {Revista da Sociedade Brasileira de Fonoaudiologia},
	author = {Mota, Helena Bolli and Berticelli, Aline and Costa, Cintia da Conceição and Wiethan, Fernanda Marafiga and Melo, Roberta Michelon},
	month = dec,
	year = {2012},
	pages = {430--434},
}

@article{rocca2003,
	title = {O desempenho de falantes bilíngües: evidências advindas da investigação do {VOT} de oclusivas surdas do inglês e do português},
	volume = {19},
	issn = {0102-4450},
	shorttitle = {O desempenho de falantes bilíngües},
	doi = {10.1590/S0102-44502003000200004},
	number = {2},
	urldate = {2021-10-25},
	journal = {DELTA: Documentação de Estudos em Lingüística Teórica e Aplicada},
	author = {Rocca, Paulina D. Artimonte},
	year = {2003},
	pages = {303--328},
}

@article{rodrigues2008,
	title = {Acertos gradientes nos chamados erros de pronúncia},
	volume = {0},
	copyright = {Direitos autorais},
	issn = {2176-1485},
	url = {https://periodicos.ufsm.br/letras/article/view/11968},
	doi = {10.5902/2176148511968},
	language = {pt},
	number = {36},
	urldate = {2021-10-25},
	journal = {Letras},
	author = {Rodrigues, Luciana Lessa and Freitas, Maria Cláudia and Albano, Eleonora Cavalcante and Berti, Larissa Cristina},
	month = dec,
	year = {2008},
	pages = {85--112},
}

@book{shimizu1996,
	address = {Tokyo},
	title = {A cross language study of voicing contrasts of stop consonants in {Asian} languages},
	isbn = {9784791966486},
	language = {eng},
	publisher = {Seibido},
	author = {Shimizu, Katsumasa},
	year = {1996},
}

@article{silva2001,
	title = {Por uma abordagem dinâmica dos processos fônicos},
	volume = {55},
	copyright = {Direitos autorais},
	issn = {2236-0999},
	url = {https://revistas.ufpr.br/letras/article/view/2821},
	doi = {10.5380/rel.v55i0.2821},
	language = {pt},
	number = {0},
	urldate = {2021-10-25},
	journal = {Revista Letras},
	author = {Silva, Adelaide and Pacheco, Vera and Oliveira, Leonardo},
	year = {2001},
}

@article{silva2010,
	title = {O estatuto da análise acústica nos estudos fônicos},
	volume = {41},
	number = {1},
	journal = {Cadernos de Letras UFF. Dossiê: Letras e cognição},
	author = {Silva, Adelaide Hercília Pescatori},
	year = {2010},
	pages = {213--229},
}

@book{cristofaro-silva2005,
	address = {São Paulo},
	title = {Fonética e {Fonologia} do {Português}},
	isbn = {9788572441025},
	language = {Portuguese Brazilian},
	author = {Cristófaro-Silva, Thaïs},
	year = {2005},
}

@article{souza2010,
	title = {Avaliações acústica e perceptiva de fala nos processos de dessonorização de obstruintes},
	volume = {13},
	issn = {1982-0216},
	doi = {10.1590/S1516-18462010005000039},
	number = {6},
	urldate = {2021-10-25},
	journal = {Revista CEFAC},
	author = {Souza, Ana Paula Ramos de and Scott, Lisiane Collares and Mezzomo, Carolina Lisbôa and Dias, Roberta Freitas and Giacchini, Vanessa},
	month = may,
	year = {2010},
	pages = {1127--1132},
}

@article{sweeting_voice_1982,
	title = {Voice onset time in a normal-aged population},
	volume = {25},
	issn = {1092-4388, 1558-9102},
	url = {http://pubs.asha.org/doi/10.1044/jshr.2501.129},
	doi = {10.1044/jshr.2501.129},
	language = {en},
	number = {1},
	urldate = {2021-10-25},
	journal = {Journal of Speech, Language, and Hearing Research},
	author = {Sweeting, Patricia M. and Baken, Ronald J.},
	month = mar,
	year = {1982},
	pages = {129--134},
}

@article{tachibana2012,
	title = {Differences in articulatory movement between voiced and voiceless stop consonants},
	volume = {33},
	issn = {1346-3969, 1347-5177},
	url = {https://www.jstage.jst.go.jp/article/ast/33/6/33_E1255/_article},
	doi = {10.1250/ast.33.391},
	language = {en},
	number = {6},
	urldate = {2021-10-25},
	journal = {Acoustical Science and Technology},
	author = {Tachibana, Ryosuke O. and Kitamura, Tatsuya and Fujimoto, Masako},
	year = {2012},
	pages = {391--393},
}

@article{veloso1997,
	title = {Vozeamento, duração e tensão nas oposições de sonoridade das oclusivas orais do português},
	volume = {14},
	journal = {Revista da Faculdade de Letras : Línguas e Literaturas / Linguística },
	author = {Veloso, João},
	year = {1997},
	pages = {59--80},
}

@article{warner2004,
	title = {Incomplete neutralization and other sub-phonemic durational differences in production and perception: evidence from {Dutch}},
	volume = {32},
	issn = {00954470},
	shorttitle = {Incomplete neutralization and other sub-phonemic durational differences in production and perception},
	url = {https://linkinghub.elsevier.com/retrieve/pii/S0095447003000329},
	doi = {10.1016/S0095-4470(03)00032-9},
	language = {en},
	number = {2},
	urldate = {2021-10-25},
	journal = {Journal of Phonetics},
	author = {Warner, Natasha and Jongman, Allard and Sereno, Joan and Kemps, Rachèl},
	month = apr,
	year = {2004},
	pages = {251--276},
}

@article{whalen1993,
	title = {F0 gives voicing information even with unambiguous voice onset times},
	volume = {93},
	issn = {0001-4966},
	url = {http://asa.scitation.org/doi/10.1121/1.406678},
	doi = {10.1121/1.406678},
	language = {en},
	number = {4},
	urldate = {2021-10-25},
	journal = {The Journal of the Acoustical Society of America},
	author = {Whalen, D. H. and Abramson, Arthur S. and Lisker, Leigh and Mody, Maria},
	month = apr,
	year = {1993},
	pages = {2152--2159},
}

@article{whalen2007,
	title = {{VOT} in the babbling of {French}- and {English}-learning infants},
	volume = {35},
	issn = {0095-4470},
	url = {https://www.ncbi.nlm.nih.gov/pmc/articles/PMC2717044/},
	doi = {10.1016/j.wocn.2006.10.001},
	number = {3},
	urldate = {2021-10-25},
	journal = {Journal of phonetics},
	author = {Whalen, D. H. and Levitt, Andrea G. and Goldstein, Louis M.},
	month = jul,
	year = {2007},
	pmid = {19641636},
	pmcid = {PMC2717044},
	pages = {341--352},
}

@mastersthesis{andrade2009,
  author  = {Andrade, Flávia Viegas de},
  title   = {Análise de parâmetros espectrais da voz em crianças saudáveis de 4 a 8 anos},
  school  = {Universidade Veiga de Almeida},
  year    = {2009},
  address = {Rio de Janeiro},
}

@mastersthesis{aquino1997,
  author  = {Patrícia Aparecida de Aquino},
  title   = {O papel das vogais reduzidas pós-tônicas na construção de um sistema de síntese concatenativa para o português do Brasil},
  school  = {Universidade Estadual de Campinas},
  year    = {1997},
  address = {Campinas},
}

@phdthesis{behlau,
  author  = {Behlau, M. S.},
  title   = {Análise de tempo de início de sonorização na discriminação dos sons do português},
  school  = {Escola Paulista de Medicina},
  year    = {1986},
  address = {São Paulo},
}

@phdthesis{bonatto2007,
  author  = {Bonatto, M.T.R.L.},
  title   = {Vozes Infantis: a caracterização do contraste do vozeamento das consoantes plosivas do português brasileiro na fala de crianças de 3 a 12 anos},
  school  = {Pontifícia Universidade Católica de São Paulo},
  year    = {2007},
  address = {São Paulo},
}

@phdthesis{britto2010,
  author  = {Ana Teresa Brandão de Oliveira e Britto},
  title   = {Estudo do contraste de vozeamento em sujeitos com e sem desvio fonológico},
  school  = {Pontifícia Universidade Católica de Minas Gerais},
  year    = {2010},
  address = {Belo Horizonte},
}

@phdthesis{ficker2003,
  author  = {Ficker, L. Barzaghi},
  title   = {Estudo da produção e percepção das plosivas do português brasileiro por um sujeito com deficiência auditiva},
  school  = {Pontifícia Universidade Católica de São Paulo},
  year    = {2003},
  address = {São Paulo},
}

@phdthesis{rossi1999,
  author  = {Aglael Juliana Aparecida Gama-Rossi},
  title   = {Relações entre desenvolvimento linguístico e neuromotor: a aquisição da duração no português brasileiro},
  school  = {Universidade Estadual de Campinas},
  year    = {1999},
  address = {Campinas},
}

@phdthesis{gurgueira2006,
  author  = {Adriana Limongeli Gurgueira},
  title   = {Estudo acústico do “voice-onset-time” e da duração da vogal na distinção da sonoridade dos sons plosivos em crianças com transtorno fonológico},
  school  = {Universidade de São Paulo},
  year    = {2006},
  address = {São Paulo},
}

@phdthesis{levy1993,
  author  = {Ivone Panhoca Levy},
  title   = {Uma nova face da nau dos insensatos: a dificuldade de vozear obstruintes em crianças de idade escolar},
  school  = {Universidade Estadual de Campinas},
  year    = {1993},
  address = {Campinas},
}

@phdthesis{pereira2012,
  author  = {Lílian Cristina Kuhn Pereira},
  title   = {As consoantes plosivas do PB: um estudo acústico e perceptivo sobre dados de falade sujeitos com deficiência auditiva},
  school  = {Pontifícia Universidade Católica de São Paulo},
  year    = {2012},
  address = {São Paulo},
}


@mastersthesis{schliemann2011,
  author  = {Lucila Rey Rocha Schliemann},
  title   = {Contraste de vozeamento por crianças entre 6-8 anos: uma abordagem dinâmica},
  school  = {Universidade Estadual de Campinas},
  year    = {2011},
  address = {Campinas},
}


@misc{camargo2000,
  title = {Introdução ao estudo dos sons da fala},
  author = {Camargo, Z.A. and Fontes, M. A. S. and Madureira, S.},
  howpublished = {apostila da disciplina de Fonética e Fonologia do curso de Fonoaudiologia-PUCSP},
  address = {São Paulo},
  institution = {PUCSP},
  year = {2000}
}

@misc{gregio2005m,
  title = {Dados de (in)coordenação de ajustes glóticos e supraglóticos em um grupo de falantes sem queixas de sonoridade},
  author = {Gregio, F. N. and Cukier, S and Camargo, Z and Madureira, S.},
  howpublished = {resumo, CD-ROM, Rev Soc Bras Fonoaudiol},
  year = {2005}
}

@incollection{camargo2008,
  author = {Camargo, Z. A. and Navas, A. L. G. P.},
  title = {Fonética e fonologia aplicadas à aprendizagem},
  booktitle = {Dislexia e outros distúrbios da leitura-escrita: letras desafiando a aprendizagem},
  editor = {Zorzi, J. and Capellini, S.},
  year = {2008},
  publisher = {Pulso},
  address = {São José dos Campos},
}

@incollection{hoole1999,
  author = {Hoole, P. and Gobl, C. and Chasaide, A. N.},
  title = {Laryngeal coarticulation},
  booktitle = {Coarticulation -- theory, data and techniques},
  editor = {Hardcastle, W. J. and Hewlet, N.},
  year = {1999},
  publisher = {Cambridge University Press},
  address = {Cambridge},
}

@inproceedings{lousada2005,
  author = {Lousada, M. and Martins, P. and Jesus, L. M. T.},
  title = {Estudo do pré-vozeamento, frequência do burst e locus do F2 das oclusivas orais do português europeu},
  booktitle = {Actas do XXI Encontro Nacional da APL},
  year = {2005},
  pages = {485--494},
  address = {Porto, Portugal},
}
